
# Library used for diss.tex

﻿@article{Ackerman2005,
   author = {Ackerman, P. L. and Beier, M. E. and Boyle, M. O.},
   title = {Working memory and intelligence: The same or different constructs?},
   journal = {Psychological Bulletin},
   volume = {131},
   number = {1},
   pages = {30--60},
   DOI = {10.1037/0033-2909.131.1.30},
   year = {2005}
}

@article{Acton2001,
   author = {Acton, G. S. and Schroeder, D. H.},
   title = {Sensory discrimination as related to general intelligence},
   journal = {Intelligence},
   volume = {29},
   pages = {263-271},
   year = {2001}
}

@article{Akaike1987,
   author = {Akaike, Hirotugu},
   title = {Factor-analysis and AIC},
   journal = {Psychometrika},
   volume = {52},
   pages = {317-332},
   year = {1987}
}

@article{Allman1985a,
	doi = {10.1146/annurev.ne.08.030185.002203},
	year  = {1985},
	volume = {8},
	number = {1},
	pages = {407--430},
	author = {J Allman and F Miezin and E McGuinness},
	title = {Stimulus Specific Responses from Beyond the Classical Receptive Field: Neurophysiological Mechanisms for Local-Global Comparisons in Visual Neurons},
	journal = {Annual Review of Neuroscience}
}

@article{Allman1985b,
   author = {Allman, John and Miezin, Francis and McGuinness, EveLynn},
   title = {Direction-and velocity-specific responses from beyond the classical receptive field in the middle temporal visual area (MT)},
   journal = {Perception},
   volume = {14},
   number = {2},
   pages = {105--126},
   ISSN = {0301-0066},
   year = {1985}
}

@book{Amelang2005,
   author = {Amelang, Manfred and Schmidt-Atzert, Lothar},
   title = {Psychologische Diagnostik und Intervention},
   publisher = {Springer},
   address = {Heidelberg},
   edition = {4., vollständig überarbeitete und erweiterte Auflage},
   year = {2005}
}

@article{Anderson2001,
   author = {Anderson, M.},
   title = {Annotation: Conceptions of intelligence},
   journal = {Journal of Child Psychology and Psychiatry and Allied Disciplines},
   volume = {42},
   number = {3},
   pages = {287--298},
   	doi = {10.1111/1469-7610.00722},
   year = {2001}
}


@article{Angelucci2003,
   author = {Angelucci, A. and Bullier, J.},
   title = {Reaching beyond the classical receptive field of V1 neurons: horizontal or feedback axons?},
   journal = {Journal of Physiology - Paris},
   volume = {97},
   pages = {141-154},
   year = {2003}
}

@book{Baddeley1986,
   author = {Baddeley, A.},
   title = {Working memory},
   publisher = {Oxford University Press},
   address = {New York, NY},
   year = {1986}
}

@article{Baguley2009,
   author = {Baguley, T.},
   title = {Standardized or simple effect size: What should be reported?},
   journal = {British Journal of Psychology},
   volume = {100},
   pages = {603-617},
   DOI = {10.1348/000712608X377117},
   year = {2009}
}

@article{Barrett2007,
   author = {Barrett, Paul},
   title = {Structural equation modelling: Adjudging model fit},
   journal = {Personality and Individual Differences},
   volume = {42},
   pages = {815-824},
   DOI = {10.1016/j.paid.2006.09.018},
   year = {2007}
}

@article{Beauducel2002,
   author = {Beauducel, M. and Kersting, M.},
   title = {Fluid and crystallized intelligence and the {Berlin Model of Intelligence Structure (BIS)}},
   journal = {European Journal of Psychological Assessment},
   volume = {18},
   number = {2},
   pages = {97--112},
   doi = {10.1027//1015-5759.18.2.97},
   year = {2002}
}

@article{Beauducel2015,
   author = {Beaujean, Alexander A.},
   title = {John Carroll’s views on intelligence: Bi-Factor vs. higher-order models},
   journal = {Journal of Intelligence},
   volume = {3},
   pages = {121-136},
   note = {Carroll:
- bi-factor model best represents theory
- g has indirect influence on indicators
- factors are orthogonal},
   DOI = {10.3390/jintelligence3040121},
   year = {2015}
}

@misc{Becker2003,
   author = {Becker, T.},
   title = {WMC},
   publisher = {Thomas Becker},
   year = {2003}
}

@article{Bentler1990,
   author = {Bentler, Peter M},
   title = {Comparative fit indexes in structural models},
   journal = {Psychological Bulletin},
   volume = {107},
   number = {2},
   pages = {238--246},
   year = {1990},
   doi = {10.1037/0033-2909.107.2.238}
}

@book{Bentler1995,
   author = {Bentler, P. M.},
   title = {EQS structural equations program manual},
   publisher = {Multivariate Software},
   address = {Encino, CA},
   year = {1995}
}

@article{Betts2005,
   author = {Betts, Lisa R. and Taylor, Christopher P. and Sekuler, Allison B. and Bennett, Patrick J.},
   title = {Aging reduces center-surround antagonism in visual motion processing},
   journal = {Neuron},
   volume = {45},
   pages = {361-366},
   year = {2005}
}

@book{Borkenau2007,
   author = {Borkenau, Peter and Ostendorf, Fritz},
   title = {NEO-Fünf-Faktoren-Inventar (NEO-FFI)},
   publisher = {Hogrefe},
   address = {Göttingen, Deutschland},
   edition = {2., neu normierte und vollständig überarbeitete Auflage},
   year = {2007}
}

@incollection{Borter2013,
   author = {Borter, N. and Troche, S. J. and Rammsayer, T. H.},
   title = {A fixed-links modeling approach to elucidate measurement impurity in reaction time data. },
   booktitle = {Fechner Day 2013 - Proceedings of the 29th Annual Meeting of the International Society for Psychophysics},
   editor = {Wackermann, J. and Wittmann, M. and W., Skrandies},
   publisher = {The International Society for Psychophysics.},
   address = {Freiburg, Germany},
   pages = {74},
   year = {2013}
}

@book{Bortz1999,
   author = {Bortz, Jürgen},
   title = {Statistik für Human- und Sozialwissenschaftler},
   publisher = {Springer},
   address = {Heidelberg},
   volume = {6},
   edition = {vollständig überarbeitete und aktualisierte Aufl.},
   year = {1999}
}

@incollection{Brand1987,
	author = {Brand, C.},
	title = {The importance of general intelligence},
	booktitle = {{Arthur Jensen}: Consensus and controversy},
	editor = {S. Modgil and C. Modgil},
	publisher = {Falmer},
	address = {New York, NY},
	pages = {251--265},
	year = {1987}
}

@book{Brody1992,
   author = {Brody, N.},
   title = {Intelligence},
   publisher = {Academic Press},
   address = {New York, NY},
   edition = {2nd},
   year = {1992}
}

@incollection{Browne1993,
   author = {Browne, M. W. and Cudeck, R.},
   title = {Alternative ways of assessing model fit},
   booktitle = {Testing structural equation models},
   editor = {Bollen, K. A. and Long, J. S.},
   publisher = {Sage},
   address = {Newbury Park, CA},
   pages = {136--162},
   year = {1993}
}

@article{Brunner2005,
   author = {Brunner, Martin and Süss, Heinz-Martin},
   title = {Analyzing the reliability of multidimensional measures: An example from intelligence research},
   journal = {Educational and Psychological Measurement},
   volume = {65},
   number = {2},
   pages = {227-240},
   DOI = {10.1177/0013164404268669},
   year = {2005}
}

@article{Brunner2007,
   author = {Brunner, Martin and Süss, Heinz-Martin},
   title = {{Wie genau können kognitive Fähigkeiten gemessen werden? Die Unterscheidung von Gesamt- und Konstruktreliabilitäten in der Intelligenzdiagnostik für den Berliner Intelligenzstrukturtest}},
   journal = {Diagnostica},
   volume = {53},
   number = {24},
   pages = {184-193},
   DOI = {10.1026/0012-1924.53.4.184},
   year = {2007}
}

@article{Bucik1996,
   author = {Bucik, V. and Neubauer, A. C.},
   title = {Bimodality in the {Berlin Model of Intelligence Structure (BIS)}: A replication study},
   journal = {Personality and Individual Differences},
   volume = {21},
   number = {6},
   pages = {987--1005},
   DOI = {10.1016/S0191-8869(96)00129-8},
   year = {1996}
}

@book{Buehner2011,
   author = {Bühner, Markus},
   title = {Einführung in die Test- und Fragebogenkonstruktion},
   publisher = {Pearson},
   address = {München},
   edition = {3},
   year = {2011}
}

@article{Burgess2011,
	doi = {10.1037/a0024695},
	year  = {2011},
	volume = {140},
	number = {4},
	pages = {674--692},
	author = {Gregory C. Burgess and Jeremy R. Gray and Andrew R. A. Conway and Todd S. Braver},
	title = {Neural mechanisms of interference control underlie the relationship between fluid intelligence and working memory span.},
	journal = {Journal of Experimental Psychology}
}

@article{Burle1997,
   author = {Burle, B. and Bonnet, M.},
   title = {Further argument for the existence of a pacemaker in the human information processing system},
   journal = {Acta Psychologica},
   volume = {97},
   pages = {129-143},
   year = {1997}
}

@article{Burle1999,
   author = {Burle, B. and Bonnet, M.},
   title = {What’s an internal clock for? From temporal information processing to temporal processing of information},
   journal = {Behavioural Processes},
   volume = {45},
   pages = {59-72},
   DOI = {10.1016/S0376-6357(99)00009-1},
   year = {1999}
}

@article{Burns2005,
   author = {Burns, N. R. and Nettelbeck, T.},
   title = {Inspection time and speed of processing: Sex differences on perceptual speed but not IT},
   journal = {Personality and Individual Differences},
   volume = {39},
   pages = {439-446},
   DOI = {10.1016/j.paid.2005.01.022},
   year = {2005}
}

@article{Campbell1959,
   author = {Campbell, D. T. and Fiske, D. W.},
   title = {Convergent and discriminant validation by the multitrait-multimethod matrix},
   journal = {Psychological Bulletin},
   volume = {56},
   number = {2},
   pages = {81--105},
   year = {1959},
   doi = {10.1037/h0046016},
}

@article{Carandini2012,
   author = {Carandini, M. and Heeger, D. J.},
   title = {Normalization as a canonical neural computation},
   journal = {Nature Reviews Neuroscience},
   volume = {13},
   pages = {51-62},
   DOI = {10.1038/nrn3136},
   year = {2012}
}

@article{Carpenter1990,
   author = {Carpenter, P. A. and Just, M. A. and Shell, P.},
   title = {What one intelligence test measures: A theoretical account of the processing in the Raven Progressive Matices Test},
   journal = {Psychological Review},
   volume = {97},
   pages = {404-431},
   year = {1990}
}

@article{Carroll1981,
	year  = {1981},
	volume = {10},
	number = {1},
	pages = {11--21},
	author = {John B. Carroll},
	title = {Ability and Task Difficulty in Cognitive Psychology},
	journal = {Educational Researcher},
	url = {http://www.jstor.org/stable/1175628}
}


@book{Carroll1993,
   author = {Carroll, J. B.},
   title = {Human cognitive abilites: A survey of factor-analytic studies},
   publisher = {Cambridge University Press},
   address = {New York, NY},
   year = {1993}
}

@book{Cattell1971,
   author = {Cattell, R. B.},
   title = {Abilities: Their structure, growth, and action},
   publisher = {Mifflin},
   address = {Boston, MA},
   year = {1971}
}

@article{Cheung2002,
   author = {Cheung, G. W. and Rensvold, R. B.},
   title = {Evaluating goodness-of-fit indexes for testing measurement invariance},
   journal = {Structural Equation Modeling: A Multidisciplinary Journal},
   volume = {9},
   pages = {233-255},
   year = {2002}
}

@article{Codorniu-Raga2003,
   author = {Codorniu-Raga, Maria Josep and Vigil-Colet, Andreu},
   title = {Sex differences in psychometric and chronometric measures of intelligence among young adolescents},
   journal = {Personality and Individual Differences},
   volume = {35},
   pages = {681-689},
   DOI = {10.1016/S0191-8869(02)00245-3},
   year = {2003}
}

@article{Conway2003,
	doi = {10.1016/j.tics.2003.10.005},
	year  = {2003},
	volume = {7},
	number = {12},
	pages = {547--552},
	author = {Andrew R.A. Conway and Michael J. Kane and Randall W. Engle},
	title = {Working memory capacity and its relation to general intelligence},
	journal = {Trends in Cognitive Sciences}
}

@article{OpenScience2015,
   author = {Collaboration, Open Science},
   title = {Estimating the reproducibility of psychological science},
   journal = {Science},
   volume = {349},
   pages = {aac4716},
   DOI = {org/10.1126/ science.aac4716},
   year = {2015}
}

@book{Christal1991,
	author = {Christal, R. E.},
	title = {Comparative validities of {ASVAB} and {LAMP} tests for logic gates learning \textup{(AL-TP-1991-0031)}},
	address = {Brooks Air Force Base, TX},
	publisher = {Manpower and Personnel Division, Air Force Human Resources Laboratory},
	year = {1991},
	url = {http://files.eric.ed.gov/fulltext/ED364568.pdf}
}

@article{Colom2008,
   author = {Colom, R. and Abad, F. J. and Quiroga, Á. and Shih, P. C. and Flores-Mendoza, C.},
   title = {Working memory and intelligence are highly related constructs, but why?},
   journal = {Intelligence},
   volume = {36},
   pages = {584-606},
   DOI = {10.1016/j.intell.2008.01.002},
   year = {2008}
}

@article{Colom2003,
   author = {Colom, R. and Flores-Mendoza, C. and Rebollo, I.},
   title = {Working memory and intelligence},
   journal = {Personality and Individual Differences},
   volume = {34},
   pages = {33-39},
   year = {2003}
}

@article{Cook2009,
   author = {Cook, Karon F. and Kallen, Michael A. and Amtmann, Dagmar},
   title = {Having a Fit: Impact of Number of Items and Distribution of Data on Traditional Criteria for Assessing IRT’s Unidimensionality Assumption},
   journal = {Quality of Life Research},
   volume = {18},
   number = {4},
   pages = {447-460},
   note = {WLSMV, WRMR},
   DOI = {10.1007/s11136-009-9464-4},
   year = {2009}
}

@book{Cooley1976,
   author = {Cooley, W. W. and Lohnes, P. R.},
   title = {Evaluation research in education. Theory, principles, and practice},
   publisher = {Irvington Publishers, Inc.},
   address = {New York, NY},
   year = {1976}
}

@article{Costa1992,
   author = {Costa, Paul T and McCrae, Robert R},
   title = {Four ways five factors are basic},
   journal = {Personality and individual differences},
   volume = {13},
   pages = {653-665},
   ISSN = {
},
   DOI = {10.1016/0191-8869(92)90236-I},
   year = {1992}
}

@article{Craig1973,
   author = {Craig, J. C.},
   title = {A constant error in the perception of brief temporal intervals},
   journal = {Perception & Psychophysics},
   volume = {13},
   pages = {99-104},
   DOI = {10.3758/BF03207241},
   year = {1973}
}

@article{Curran1996,
   author = {Curran, P. J. and West, S. G. and Finch, J. F},
   title = {The robustness of test statistics to nonnormality and specification error in confirmatory factor analysis},
   journal = {Psychological Methods},
   volume = {1},
   number = {1},
   pages = {16--29},
   year = {1996},
   doi = {10.1037/1082-989X.1.1.16}
}

@article{Daneman1980,
   author = {Daneman, M. and Carpenter, P. A.},
   title = {Individual differences in working memory and reading},
   journal = {Journal of Verbal Learning and Verbal Behavior},
   volume = {19},
   pages = {450-466},
   year = {1980}
}

@incollection{Deary2000b,
   author = {Deary, I. J.},
   title = {Simple information processing and intelligence},
   booktitle = {Handbook of intelligence},
   editor = {Sternberg, Robert J.},
   publisher = {Cambridge University Press},
   address = {New York, NY},
   pages = {267--284},
   year = {2000}
}

@article{Deary2012,
   author = {Deary, I. J.},
   title = {Intelligence},
   journal = {Annual Review of Psychology},
   volume = {63},
   pages = {453-482},
   DOI = {10.1146/annurev-psych-120710-100353},
   year = {2012}
}

@article{Deary2004,
   author = {Ian J. Deary and P. Joseph Bell and Andrew J. Bell and Mary L. Campbell and Nicola D. Fazal},
   title = {Sensory discrimination and intelligence: Testing {Spearman's} other hypothesis},
   journal = {The American Journal of Psychology},
   volume = {117},
   number = {1},
   pages = {1--19},
   year = {2004},
   doi = {10.2307/1423593},
}

@article{Dempster1991,
   author = {Dempster, F. N.},
   title = {Inhibition processes: A neglected dimension of intelligence.},
   journal = {Intelligence},
   volume = {15},
   pages = {157-173},
   DOI = {10.1016/0160-2896(91)90028-C},
   year = {1991}
}

@article{Dickman1990,
   author = {Dickman, Scott J.},
   title = {Functional and dysfunctional impulsivity: Personality and cognitive correlates},
   journal = {Journal of Personality and Social Psychology},
   volume = {58},
   number = {1},
   pages = {95-102},
   DOI = {10.1037/0022-3514.58.1.95},
   year = {1990}
}

@article{Dodonov2011,
   author = {Dodonov, Y. S. and Dodonova, Y. A.},
   title = {Robust measures of central tendency: weighting as a possible alternative to trimming in response-time data analysis},
   journal = {Psikhologicheskie Issledovaniya},
   volume = {5},
   pages = {1-11},
   year = {2011}
}

@article{Dodonov2012,
   author = {Dodonov, Y. S. and Dodonova, Y. A.},
   title = {Response time analysis in cognitive tasks with increasing difficulty},
   journal = {Intelligence},
   volume = {40},
   pages = {379-394},
   DOI = {10.1016/j.intell.2012.07.002},
   year = {2012}
}

@article{Duckworth2011,
   author = {Duckworth, A. L. and Quinn, P. D. and Lynam, D. R. and Loeber, R. and Stouthamer-Loeber, M.},
   title = {Role of test motivation in intelligence testing},
   journal = {Proceedings of the National Academy of Sciences of the United States of America},
   volume = {108},
   pages = {7716-7720},
   year = {2011}
}

@book{Eggert1983,
   author = {Eggert, D and Ratschinski, G},
   title = {Eysenck-Persönlichkeits-Inventar},
   publisher = {Hogrefe},
   address = {Göttingen, Deutschland},
   year = {1983}
}

@book{Eid2013,
   author = {Eid, Michael and Gollwitzer, Mario and Schmitt, Manfred},
   title = {{Statistik und Forschungsmethoden}},
   publisher = {Beltz},
   address = {Basel, Schweiz},
   edition = {3., korrigierte},
   year = {2013}
}

@book{Eid2005,
   author = {Eid, Michael and Lischetzke, Tanja and Nussbeck, Fridtjof W.},
   title = {Structural equation models for multitrait-multimethod data},
   publisher = {United Book Press},
   address = {Baltimore, MD},
   series = {Handbook of psychological measurement: A multimethod perspective},
   year = {2005}
}

@article{Ekstroem2011,
   author = {Ekström, Joakim},
   title = {The Phi-coefficient, the Tetrachoric Correlation Coefficient, and the Pearson-Yule Debate},
   journal = {Department of Statistics, UCLA},
   year = {2011}
}

@article{Engle2002,
   author = {Engle, R. W.},
   title = {Working memory capacity as executive attention},
   journal = {Current Directions in Psychological Science},
   volume = {11},
   pages = {19-23},
   year = {2002}
}

@article{Engle1999,
	doi = {10.1037/0096-3445.128.3.309},
	year  = {1999},
	volume = {128},
	number = {3},
	pages = {309--331},
	author = {Randall W. Engle and Stephen W. Tuholski and James E. Laughlin and Andrew R. A. Conway},
	title = {Working memory,  short-term memory,  and general fluid intelligence: A latent-variable approach.},
	journal = {Journal of Experimental Psychology}
}

@article{Epstein1984,
   author = {Epstein, R.},
   title = {The principle of parsimony and some applications in psychology},
   journal = {Journal of Mind and Behavior},
   volume = {5},
   pages = {119-130},
   year = {1984}
}

@article{Ernst2001,
   author = {Ernst, Monique and Heishman, Stephen J. and Spurgeon, Loretta and London, Edythe D:},
   title = {Smoking history and nicotine effects on cognitive performance},
   journal = {Neuropsychopharmacology},
   volume = {25},
   number = {3},
   year = {2001}
}

@article{Eysenck1992,
   author = {Eysenck, Hans J},
   title = {Four ways five factors are not basic},
   journal = {Personality and individual differences},
   volume = {13},
   pages = {667-673},
   DOI = {10.1016/0191-8869(92)90237-J},
   year = {1992}
}

@article{Eysenck1987,
	author = {Eysenck, Hans J},
	title = {{Thomson's “Bonds” or Spearman's “Energy”: Sixty Years On}},
	journal = {Mankind Quarterly},
	volume = {27},
	number = {3},
	pages = {259--275},
	url = {http://search.proquest.com/docview/1306222956?accountid=17231},
	year = {1987}
}

@incollection{Finney2006,
   author = {Finney, S. J. and DiStefano, C.},
   title = {Non-normal and categorical data in structural equation modeling},
   booktitle = {Structural equation modeling: A second course},
   editor = {Hancock, G. R. and Mueller, R. O.},
   publisher = {Information Age},
   address = {Greenwich, CT},
   pages = {269--314},
   year = {2006}
}

@book{Flanagan2000,
   author = {Flanagan, D. P. and McGrew, K. S. and Ortiz, S.},
   title = {The Wechsler Intelligence Scales and Gf-Gc theory: A contemporary approach to interpretation},
   publisher = {Allyn & Bacon},
   address = {Needham Heights, MA},
   year = {2000}
}

@article{Flora2004,
   author = {Flora, David B and Curran, Patrick J},
   title = {An empirical evaluation of alternative methods of estimation for confirmatory factor analysis with ordinal data},
   journal = {Psychological methods},
   volume = {9},
   pages = {466},
   keywords = {WLSMV},
   DOI = {10.1037/1082-989X.9.4.466},
   url = {http://graphics.tx.ovid.com/ovftpdfs/FPDDNCOBNDFGIL00/fs047/ovft/live/gv031/00060744/00060744-200412000-00006.pdf
http://www.ncbi.nlm.nih.gov/pmc/articles/PMC3153362/pdf/nihms300518.pdf},
   year = {2004}
}

@book{Formann2011,
   author = {Formann, Anton K. and Waldherr, Karin and Piswanger, Karl},
   title = {Wiener Matrizen-Test 2},
   publisher = {Beltz Test},
   address = {Göttingen, Deutschland},
   year = {2011}
}

@article{Friedman2004,
   author = {Friedman, Naomi P and Miyake, Akira},
   title = {The relations among inhibition and interference control functions: a latent-variable analysis},
   journal = {Journal of experimental psychology: General},
   volume = {133},
   number = {1},
   pages = {101},
   ISSN = {1939-2222},
   DOI = {10.1037/0096-3445.133.1.101},
   url = {http://graphics.tx.ovid.com/ovftpdfs/FPDDNCMCPAFGCA00/fs046/ovft/live/gv025/00004785/00004785-200403000-00007.pdf},
   year = {2004}
}

@article{Fry1996,
   author = {Fry, A. F. and Hale, S.},
   title = {Processing speed, working memory, and fluid intelligence: Evidence for a developmental cascade},
   journal = {Psychological Science},
   volume = {7},
   pages = {237-241},
   year = {1996}
}

@book{Galton1869,
   author = {Galton, F},
   title = {Hereditary genius: An inquiry into its laws and consequences},
   publisher = {Macmillan},
   address = {London, XXXXXX},
   year = {1869}
}

@article{Bartholomew2013,
	doi = {10.1016/j.intell.2013.03.007},
	year  = {2013},
	volume = {41},
	number = {4},
	pages = {222--233},
	author = {David J. Bartholomew and Michael Allerhand and Ian J. Deary},
	title = {Measuring mental capacity: {Thomson's} {Bonds} model and {Spearman's} \textit{g}-model compared},
	journal = {Intelligence}
}

@book{Galton1883,
   author = {Galton, F},
   title = {Inquiries into human faculty and its development},
   publisher = {Macmillan},
   address = {London, England},
   year = {1883}
}

@article{Gigerenzer2004,
   author = {Gigerenzer, G.},
   title = {Mindless statistics},
   journal = {The Journal of Socio-Economics },
   volume = {33},
   pages = {587-606},
   DOI = {10.1016/j.socec.2004.09.033},
   year = {2004}
}

@article{Gigerenzer2015,
   author = {Gigerenzer, G. and Marewski, J. N.},
   title = {Surrogate science: The idol of a universal method for scientific inference},
   journal = {Journal of Management},
   volume = {41},
   pages = {421-440},
   DOI = {10.1177/0149206314547522},
   year = {2015}
}

@article{Glasser2011,
   author = {Glasser, Davis M. and Tadin, Duje},
   title = {Increasing stimulus size impairs first- but not second-order motion perception},
   journal = {Journal of Vision},
   volume = {11},
   pages = {1-8},
   year = {2011}
}

@article{Gray2003,
   author = {Gray, J. R. and Chabris, C. F. and Braver, T. S.},
   title = {Neural mechanisms of general fluid intelligence},
   journal = {Nature Neuroscience},
   volume = {6},
   pages = {316-322},
   DOI = {10.1038/nn1014},
   year = {2003}
}

@article{Gustafsson1984,
   author = {Gustafsson, Jean-Eric},
   title = {A unifying model for the structure of intellectual abilities},
   journal = {Intelligence},
   volume = {8},
   pages = {179-203},
   year = {1984}
}

@article{Haldemann2011,
   author = {Haldemann, J. and Stauffer, C. and Troche, S. and Rammsayer, T.},
   title = {Processing visual temporal information and its relationship to psychometric intelligence},
   journal = {Journal of Individual Differences},
   volume = {32},
   pages = {181-188},
   DOI = {10.1027/1614-0001/a000050},
   year = {2011}
}

@article{Haldemann2012,
   author = {Haldemann, Judith and Stauffer, Corinne and Troche, Stefan and Rammsayer, Thomas},
   title = {Performance on auditory and visual temporal information processing is related to psychometric intelligence},
   journal = {Personality and Individual Differences},
   volume = {52},
   pages = {9-14},
   DOI = {10.1016/j.paid.2011.08.032},
   year = {2012}
}

@article{Hamilton1990,
   author = {Hamilton, J. C. and Shuminsky, T. R.},
   title = {Self-awareness mediates the relationship between serial position and item reliability},
   journal = {Journal of Personality and Social Psychology},
   volume = {59},
   pages = {1301-1307},
   year = {1990}
}

@article{Hartig2007,
   author = {Hartig, J and Hölzel, B and Moosbrugger, H.},
   title = {A confirmatory analysis of item reliability trends (CAIRT): differentiating true score and error variance in the analysis of item context effects},
   journal = {Multivariate Behavioral Research},
   volume = {42},
   pages = {157-183},
   year = {2007}
}

@article{Hasher1988,
   author = {Hasher, L. and Zacks, R. T.},
   title = {Working memory, comprehension, and aging: A review and a new view},
   journal = {The Psychology of Learning and Motivation},
   volume = {22},
   pages = {193-225},
   year = {1988}
}

@article{Hayduk2007,
	doi = {10.1016/j.paid.2006.10.001},
	year  = {2007},
	volume = {42},
	number = {5},
	pages = {841--850},
	author = {Leslie Hayduk and Greta Cummings and Kwame Boadu and Hannah Pazderka-Robinson and Shelley Boulianne},
	title = {Testing! testing! one,  two,  three {\textendash} {Testing} the theory in structural equation models!},
	journal = {Personality and Individual Differences}
}

@article{Hayduk2014,
   author = {Hayduk, Leslie},
   title = {Shame for disrespecting evidence: the personal consequences of insufficient respect for structural equation model testing},
   journal = {{BioMed Central}: Medical Research Methodology},
   volume = {14},
   number = {124},
   pages = {1--10},
   DOI = {10.1186/1471-2288-14-124},
   year = {2014}
}

@article{Hayduk2012,
   author = {Hayduk, Leslie A. and Levente, Littvay},
   title = {Should researchers use single indicators, best indicators, or multiple indicators in structural equation models?},
   journal = {BMC: Medical Research Methodology},
   volume = {12},
   number = {159},
   pages = {1-17},
   DOI = {10.1186/1471-2288-12-159},
   year = {2012}
}

@article{Heishman1994,
   author = {Heishman, Stephen J. and Taylor, Richard C. and Henningfield, Jack E.},
   title = {Nicotine and smoking: A review of effects on human performance},
   journal = {Experimental and Clinical Psychopharmacology},
   volume = {2},
   number = {4},
   pages = {345-395},
   year = {1994}
}

@article{Helmbold2006a,
   author = {Helmbold, N. and Rammsayer, T. H.},
   title = {Timing performance as a predictor of psychometric intelligence as measured by speed an power tests},
   journal = {Journal of Individual Differences},
   volume = {27},
   number = {1},
   pages = {20--37},
   year = {2006},
   doi = {10.1027/1614-0001.27.1.20}
}

@article{Helmbold2006b,
   author = {Helmbold, N. and Troche, S. J. and Rammsayer, T. H.},
   title = {Temporal information processing and pitch discrimination as predictors of general intelligence},
   journal = {Canadian Journal of Experimental Psychology},
   volume = {60},
   pages = {294-306},
   year = {2006}
}

@article{Helmbold2007,
   author = {Helmbold, N. and Troche, S. J. and Rammsayer, T. H.},
   title = {Processing of temporal and non-temporal information as predictors of psychometric intelligence: A structural-equation-modelling approach},
   journal = {Journal of Personality},
   volume = {75},
   number = {5},
   pages = {985-1006},
   DOI = {10.1111/j.1467-6494.2007.00463.x},
   year = {2007}
}

@article{Herzog2009,
   author = {Herzog, Walter and Boomsma, Anne},
   title = {Small-sample robust estimators of noncentrality-based and incremental model fit},
   journal = {Structural Equation Modeling: A Multidisciplinary Journal},
   volume = {16},
   number = {1},
   pages = {1-27},
   DOI = {10.1080/10705510802561279},
   year = {2009}
}

@article{Holm2011,
   author = {Linus Holm and Fredrik Ull{\'{e}}n and Guy Madison},
   title = {Intelligence and temporal accuracy of behaviour: {unique} and shared associations with reaction time and motor timing},
   journal = {Experimental Brain Research},
   volume = {214},
   number = {2},
   pages = {175--183},
   DOI = {10.1007/s00221-011-2817-6},
   year = {2011}
}

@article{Holzinger1937,
   author = {Holzinger, Karl J. and Swineford, Frances},
   title = {The bi-factor method},
   journal = {Psychometrika},
   volume = {2},
   number = {1},
   pages = {41-54},
   year = {1937}
}

@article{Hu1999,
   author = {Hu, L and Bentler, Peter M},
   title = {Cutoff criteria for fit indexes in covariance structure analysis: Coventional criteria versus new alternatives},
   journal = {Structural Equation Modeling: A Multidisciplinary Journal},
   volume = {6},
   number = {1},
   pages = {1--55},
   DOI = {10.1080/10705519909540118},
   year = {1999}
}

@incollection{Hunt1982,
   author = {Hunt, E and Lansman, M.},
   title = {Individual differences in attention},
   booktitle = {Advances in the psychology of human abilities},
   editor = {Sternberg, R. J.},
   publisher = {Erlbaum},
   address = {Hillsdale, NJ},
   volume = {1},
   pages = {207-254},
   year = {1982}
}

@article{Jaeger1984,
   author = {Jäger, A. O.},
   title = {{Intelligenzstrukturforschung: Konkurrierende Modelle, neue Entwicklungen, Perspektiven}},
   journal = {Psychologische Rundschau},
   volume = {35},
   number = {1},
   pages = {21--35},
   year = {1984}
}

@book{Jaeger1997,
   author = {Jäger, A. O. and Süss, H.-M. and Beauducel, A.},
   title = {{B}er\-liner {I}ntel\-li\-genz\-struktur-{T}est},
   publisher = {Hogrefe},
   address = {Göttingen, Deutschland},
   year = {1997}
}

@incollection{Jensen1982a,
	author = {Jensen, A. R.},
	title = {The chronometry of intelligence},
	booktitle = {Advances in the psychology of human intelligence},
	editor = {Robert J. Sternberg},
	volume = {1},
	publisher = {Erlbaum},
	address = {Hillsdale, NJ},
	pages = {255--310},
	year = {1982}
}

@incollection{Jensen1982b,
   author = {Jensen, A. R.},
   title = {Reaction time and psychometric \textit{g}},
   booktitle = {A model for intelligence},
   editor = {Eysenck, H. J.},
   publisher = {Springer},
   address = {Heidelberg, Deutschland},
   pages = {93--132},
   year = {1982}
}

@article{Jensen1987c,
   author = {Jensen, A. R.},
   title = {Process differences and individual differences in some cognitive tasks},
   journal = {Intelligence},
   volume = {11},
   pages = {107-136},
   note = {S.127},
   ISSN = {0160-2896},
   year = {1987}
}

@article{Jensen1993,
	year  = {1993},
	volume = {2},
	number = {2},
	pages = {53--56},
	author = {Jensen, A. R.},
	title = {Why Is Reaction Time Correlated with Psychometric \textit{g}?},
	journal = {Current Directions in Psychological Science},
	url = {http://www.jstor.org/stable/20182199}
}

@article{Jensen1998a,
	doi = {10.1016/s0160-2896(99)80051-8},
	year  = {1998},
	volume = {26},
	number = {1},
	pages = {43--52},
	author = {Arthur R. Jensen},
	title = {The suppressed relationship between {IQ} and the reaction time slope parameter of the {Hick} function},
	journal = {Intelligence}
}

@book{Jensen1998b,
   author = {Jensen, A. R.},
   title = {The g factor: {The} science of mental ability},
   publisher = {Praeger},
   address = {Westport, CT},
   year = {1998}
}

@book{Jensen2006,
   author = {Jensen, A. R.},
   title = {Clocking the mind: Mental chronometry and individual differences},
   publisher = {Elsevier},
   address = {Oxford, England},
   year = {2006}
}

@article{Jensen1994,
   author = {Jensen, A. R. and Weng, Li-Jen},
   title = {What is a good \textit{g}?},
   journal = {Intelligence},
   volume = {18},
   number = {3},
   pages = {231--258},
   DOI = {10.1016/0160-2896(94)90029-9},
   year = {1994}
}

@article{Ree1991,
	author = {Malcolm James Ree and James A. Earles},
	title = {The stability of \textit{g} across different methods of estimation},
	journal = {Intelligence},
	volume = {15},
	number = {3},
	pages = {271--278},
	DOI = {10.1016/0160-2896(91)90036-D},
	year = {1991}
}

@article{Ree1992,
	year  = {1992},
	volume = {1},
	number = {3},
	pages = {86--89},
	author = {Malcolm James Ree and James A. Earles},
	title = {Intelligence Is the Best Predictor of Job Performance},
	journal = {Current Directions in Psychological Science},
	url = {http://www.jstor.org/stable/20182140}
}



@article{Joereskog1971,
   author = {Jöreskog, K. G.},
   title = {Statistical analysis of sets of congeneric tests},
   journal = {Psychometrika},
   volume = {36},
   number = {2},
   pages = {109--133},
   year = {1971},
   doi = {10.1007/BF02291393}
}

@article{Kaernbach1991,
   author = {Kaernbach, C.},
   title = {Simple adaptive testing with the weighted up-down method},
   journal = {Perception & Psychophysics},
   volume = {49},
   pages = {227-229},
   year = {1991}
}

@article{Kane2002,
   author = {Kane, M. J. and Engle, R. W.},
   title = {The role of prefrontal cortex in working-memory capacity, executive attention, and general fluid intelligence: An individual-differences perspective},
   journal = {Psychonomic Bulletin & Review},
   volume = {9},
   pages = {637-671},
   year = {2002}
}

@book{Kersting2008,
   author = {Kersting, Martin and Althoff, Klaus and Jäger, Adolf Otto},
   title = {Wilde-Intelligenz-Test 2},
   publisher = {Hogrefe},
   address = {Göttingen, Deutschland},
   year = {2008}
}

@book{Kline2011,
   author = {Kline, Rex B.},
   title = {Principles and practice of structural equation modeling},
   publisher = {Guilford Press},
   address = {New York, NY},
   edition = {3},
   year = {2011}
}

@article{Knowles1988,
   author = {Knowles, E. S.},
   title = {Item context effects on personality scales: measuring changes the measure},
   journal = {Journal of Personality and Social Psychology},
   volume = {55},
   pages = {312-320},
   year = {1988}
}

@book{Kuhmann1996,
   author = {Kuhmann, W. and Ising, M.},
   title = {{Dickman Impulsivitätsskala (DIS) \textnormal{(Unveröffentlichter Fragebogen)}}},
   publisher = {},
   address = {Institut für Psychologie, Pädagogischen Hochschule Erfurt, Deutschland},
   year = {1996}
}

@incollection{Kyllonen1996,
   author = {Kyllonen, P. C.},
   title = {Is working memory capacity Spearman's g?},
   booktitle = {Human abilities: Their nature and measurement},
   editor = {Dennis, I. and Tapsfield, P.},
   publisher = {Erlbaum},
   address = {Hillsdale, NJ},
   pages = {49-75},
   year = {1996}
}

@incollection{Kyllonen2002,
   author = {Kyllonen, P. C.},
   title = {g: Knowledge, speed, strategies, or working-memory capacity? A systems perspective},
   booktitle = {The general factor of intelligence: How general is it?},
   editor = {Sternberg, R. J. and Gigorenko, E. L.},
   publisher = {Erlbaum},
   address = {Mahwah, NJ},
   pages = {415-445},
   year = {2002}
}

@article{Kyllonen1990,
   author = {Kyllonen, P. C. and Christal, R. E.},
   title = {Reasoning ability is (little more than) working-memory capacity?!},
   journal = {Intelligence},
   volume = {14},
   number = {4},
   pages = {389--433},
   year = {1990},
   doi = {10.1016/S0160-2896(05)80012-1}
}

@article{Lamdin2012,
   author = {Lamdin, C},
   title = {Significance tests as sorcery: Science is empirical − significance tests are not},
   journal = {Theory Psychology},
   volume = {22},
   pages = {67-90},
   DOI = {10.1177/0959354311429854},
   year = {2012}
}

@article{Lehrl1973,
   author = {Lehrl, Siegfried and Kinzel, Walter},
   title = {Die Standardskala der kritischen Differenz},
   journal = {Diagnostica},
   volume = {19},
   pages = {75-88},
   keywords = {Reliabilität, Normierung, Reliabilitätsabhängie Normierung, Testkonstruktion},
   year = {1973}
}

@article{Lehrl1988,
	doi = {10.1016/0191-8869(88)90006-2},
	year  = {1988},
	volume = {9},
	number = {5},
	pages = {883--896},
	author = {Siegfried Lehrl and Bernd Fischer},
	title = {The basic parameters of human information processing: Their role in the determination of intelligence},
	journal = {Personality and Individual Differences}
}

@article{Lehrl1990,
	doi = {10.1002/per.2410040402},
	year  = {1990},
	volume = {4},
	number = {4},
	pages = {259--286},
	author = {Siegfried Lehrl and Bernd Fischer},
	title = {A basic information psychological parameter ({BIP}) for the reconstruction of concepts of intelligence},
	journal = {European Journal of Personality}
}

@article{Leue2012,
   author = {Leue, Anja and Lange, Sebastian and Beauducel, André},
   title = {{“Have you ever seen this face?”} – Individual differences and event-related potentials during deception},
   journal = {Frontiers in Psychology},
   volume = {3},
   pages = {1--13},
   DOI = {10.3389/fpsyg.2012.00570},
   year = {2012}
}

@misc{Leue2014,
   author = {Leue, Anja and Weber, Bernd and Beauducel, André},
   title = {How do working-memory-related demand, reasoning ability and aversive reinforcement modulate conflict monitoring?},
   DOI = {10.3389/fnhum.2014.00210},
   year = {2014}
}

@article{Levitt1971,
   author = {Levitt, H.},
   title = {Transformed up-down methods in psychoacoustics},
   journal = {The Journal of Acoustical Society of America},
   volume = {49},
   pages = {467-477},
   year = {1971}
}

@article{Loras2013,
   author = {Lorås, H. and Stensdotter, A.-K. and Öhberg, F. and Sigmundsson, H.},
   title = {Individual differences in motor timing and its relation to cognitive and fine motor skills},
   journal = {PLoS ONE},
   volume = {8},
   pages = {e69353},
   DOI = {10.1371/journal.pone.0069353},
   year = {2013}
}

@book{Luce1986,
   author = {Luce, R. D.},
   title = {Response times: Their role in inferring elementary mental organization},
   publisher = {Oxford University Press},
   address = {New York, NY},
   year = {1986}
}

@incollection{Luce1963,
   author = {Luce, R. D. and Galanter, E.},
   title = {Psychophysical scaling},
   booktitle = {Handbook of mathematical psychology},
   editor = {Luce, R. D. and Bush, R. R. and Galanter, E.},
   publisher = {John Wiley},
   address = {New York, NY},
   pages = {245-307},
   year = {1963}
}

@article{Luciano2001,
   author = {Luciano, Michelle and Smith, Glen A  and Wright, Margaret J and Geffen, Gina M and Geffen, Laurie B and Martin, Nicholas G},
   title = {On the heritability of inspection time and its covariance with IQ: a twin study},
   journal = {Intelligence},
   volume = {29},
   pages = {443-457},
   DOI = {10.1016/S0160-2896(01)00071-X},
   year = {2001}
}

@article{MacCallum2000,
   author = {MacCallum, R. C. and Austin, J. T.},
   title = {Applications of structural equation modeling in psychological research},
   journal = {Annual Review of Psychology},
   volume = {51},
   pages = {201-236},
   DOI = {10.1146/annurev.psych.51.1.201},
   year = {2000}
}

@article{MacCallum1996,
   author = {MacCallum, R. C. and Browne, M. W. and Sugawara, H. M.},
   title = {Power analysis and determination of sample size for covariance structure modeling},
   journal = {Psychological Methods},
   volume = {1},
   pages = {130-149},
   year = {1996}
}

@article{Madison2009,
   author = {Madison, G. and Forsman, L. and Blom, Ö. and Karabanov, A. and Ullén, F.},
   title = {Correlations between intelligence and components of serial timing variability},
   journal = {Intelligence},
   volume = {37},
   pages = {68-75},
   DOI = {10.1016/j.intell.2008.07.006},
   year = {2009}
}

@incollection{Maltby2010,
   author = {Maltby, J. and Day, L. and Macaskill, A.},
   title = {Personality, individual differences and intelligence},
   publisher = {Pearson Education},
   address = {Essex},
   edition = {2},
   chapter = {Theories and Measurement of Intelligence},
   year = {2010}
}

@article{McCormack1999,
   author = {McCormack, T. and Brown, G. D. A. and Maylor, E. A. and Darby, R. J. and Green, D.},
   title = {Developmental changes in time estimation: Comparing childhood and old age},
   journal = {Developmental Psychology},
   volume = {35},
   pages = {1143-1155},
   DOI = {10.1037/0012-1649.35.4.1143},
   year = {1999}
}

@incollection{McGrew2005,
   author = {McGrew, K. S.},
   title = {The {Cattell–Horn–Carroll} theory of cognitive abilities},
   booktitle = {Contemporary intellectual assessment: {Theories}, tests, and issues},
   editor = {Flanagan, D. P. and Harrison, P. L.},
   publisher = {Guildford Press},
   address = {New York, NY},
   edition = {2},
   pages = {136--181},
   year = {2005}
}

@article{McGrew2009,
   author = {McGrew, K. S.},
   title = {{CHC} theory and the human cognitive abilites project: Standing on the shoulders of the giants of psychometric intelligence research},
   journal = {Intelligence},
   volume = {37},
   number = {1},
   pages = {1--10},
   DOI = {10.1016/j.intell.2008.08.004},
   year = {2009}
}

@article{Meade2008,
   author = {Meade, A. W. and Johnson, E. C. and Braddy, P. W.},
   title = {Power and sensitivity of alternative fit indices in tests of measurement invariance},
   journal = {Journal of Applied Psychology},
   volume = {93},
   pages = {568-592},
   DOI = {10.1037/0021-9010.93.3.568},
   year = {2008}
}

@article{Melnick2013,
   author = {Melnick, M. and Harrison, B. R. and Park, S. and Bennetto, L. and Tadin, Duje},
   title = {A strong interactive link between sensory discrimination and intelligence},
   journal = {Current Biology},
   volume = {23},
   number = {11},
   pages = {1013--1017},
   DOI = {10.1016/j.cub.2013.04.053},
   year = {2013}
}

@article{Miller2010,
   author = {Miller, R. and Ram\-msayer, T. H. and Schwei\-zer, K. and Troche, S. J.},
   title = {Decay of iconic memory traces is related to psychometric intelligence: A fixed-links modeling approach},
   journal = {Learning and Individual Differences},
   volume = {20},
   number = {6},
   pages = {699--704},
   DOI = {10.1016/j.lindif.2010.08.010},
   year = {2010}
}

@article{Miller2013,
	doi = {10.3758/s13423-013-0404-5},
	year  = {2013},
	volume = {20},
	number = {5},
	pages = {819--858},
	author = {Jeff Miller and Rolf Ulrich},
	title = {Mental chronometry and individual differences: Modeling reliabilities and correlations of reaction time means and effect sizes},
	journal = {Psychonomic Bulletin {\&} Review}
}

@book{Miyake1999,
   author = {Miyake, A. and Shah, P.},
   title = {Models of working memory},
   publisher = {Cambridge University Press},
   address = {New York, NY},
   year = {1999}
}

@article{Mooijaart2009,
   author = {Mooijaart, A. and Satorra, A.},
   title = {On insensitivity of the chi-square model test to nonlinear misspecification in structural equation models},
   journal = {Psychometrika},
   volume = {74},
   pages = {443-455},
   note = {499AR
Times Cited:8
Cited References Count:23},
   abstract = {In this paper, we show that for some structural equation models (SEM), the classical chi-square goodness-of-fit test is unable to detect the presence of nonlinear terms in the model. As an example, we consider a regression model with latent variables and interactions terms. Not only the model test has zero power against that type of misspecifications, but even the theoretical (chi-square) distribution of the test is not distorted when severe interaction term misspecification is present in the postulated model. We explain this phenomenon by exploiting results on asymptotic robustness in structural equation models. The importance of this paper is to warn against the conclusion that if a proposed linear model fits the data well according to the chi-quare goodness-of-fit test, then the underlying model is linear indeed; it will be shown that the underlying model may, in fact, be severely nonlinear. In addition, the present paper shows that such insensitivity to nonlinear terms is only a particular instance of a more general problem, namely, the incapacity of the classical chi-square goodness-of-fit test to detect deviations from zero correlation among exogenous regressors (either being them observable, or latent) when the structural part of the model is just saturated.},
   keywords = {structural equation modeling
testing model fit
nonlinear relations
interaction terms
equivalent models
asymptotic robustness
saturated model
covariance structure-analysis
maximum-likelihood-estimation
latent variable models
multivariate skewness
robustness
kurtosis},
   ISSN = {0033-3123},
   url = {<Go to ISI>://000270189300004},
   year = {2009}
}

@book{Moray1969,
   author = {Moray, N.},
   title = {Listening and attention},
   publisher = {Penguin Books},
   address = {Oxford, England},
   year = {1969}
}

@article{Mulaik2007,
   author = {Mulaik, Stan},
   title = {There is place for approximate fit in structural equation modelling},
   journal = {Personality and Individual Differences},
   volume = {42},
   pages = {883-891},
   DOI = {10.1016/j.paid.2006.10.024},
   year = {2007}
}

@book{Mulaik2009,
   author = {Mulaik, S. A.},
   title = {Linear causal modeling with structural equations},
   publisher = {CRC Press},
   address = {New York, NY},
   year = {2009}
}

@article{Murray2013,
   author = {Murray, Aja L. and Johnson, Wendy},
   title = {￼The limitations of model fit in comparing the bi-factor versus higher-order models of human cognitive ability structure},
   journal = {Intelligence},
   volume = {41},
   pages = {407-422},
   DOI = {10.1016/j.intell.2013.06.004},
   year = {2013}
}

@article{Muthen1984,
   author = {Muthén, Bengt},
   title = {A general structural equation model with dichotomous, ordered categorical, and continuous latent variable indicators},
   journal = {Psychometrika},
   volume = {49},
   number = {1},
   pages = {115-132},
   year = {1984}
}

@misc{Muthen1999,
   author = {Muthén, L. K.},
   title = {Mplus and non-normal data. [Elektronische Email-Liste]},
   url = {https://listserv.ua.edu/cgi-bin/wa?A2=ind9908&L=semnet&F=&S=&P=57762},
   year = {1999}
}

@book{Muthen2013,
   author = {Muthén, L. K. and Muthén, B. O.},
   title = {Mplus users guide. Sixth edition},
   publisher = {Muthén & Muthén},
   address = {Los Angeles, CA},
   year = {2013}
}

@article{Neubauer1991,
   author = {Neubauer, A. C.},
   title = {{Intelligence and RT: A modified Hick paradigm and a new RT paradigm}},
   journal = {Intelligence},
   volume = {15},
   number = {2},
   pages = {175--193},
   year = {1991},
   doi = {10.1016/0160-2896(91)90029-D}
}

@incollection{Neubauer2005,
   author = {Neubauer, A. C.},
   title = {Intelligenz},
   booktitle = {Handbuch der Persönlichkeitspsychologie und Differentiellen Psychologie},
   editor = {Weber, H. and Rammsayer, T.},
   publisher = {Hogrefe},
   address = {Göttingen, Deutschland},
   pages = {321-332},
   year = {2005}
}

@article{Neubauer1992,
   author = {Neubauer, A. C. and Bauer, C. and Höller, G.},
   title = {Intelligence, attention, motivation and speed-accuracy trade-off in the {Hick} paradigm},
   journal = {Personality and Individual Differences},
   volume = {13},
   number = {12},
   pages = {1325--1332},
   doi = {10.1016/0191-8869(92)90175-O},
   year = {1992}
}

@article{Neubauer1995,
	doi = {10.1016/0160-2896(95)90010-1},
	year  = {1995},
	volume = {20},
	number = {3},
	pages = {249--266},
	author = {Aljoscha C. Neubauer and Heribert H. Freudenthaler and Gert Pfurtscheller},
	title = {Intelligence and spatiotemporal patterns of event-related desynchronization ({ERD})},
	journal = {Intelligence}
}

@article{Neubauer1996,
   author = {Neubauer, A. C. and Bucik, V.},
   title = {The mental speed--{IQ} relationship: Unitary or modular?},
   journal = {Intelligence},
   volume = {22},
   number = {1},
   pages = {23--48},
   year = {1996},
   doi = {10.1016/S0160-2896(96)90019-7}
}

@article{Neubauer1997a,
	doi = {10.1016/s0191-8869(97)00108-6},
	year  = {1997},
	volume = {23},
	number = {5},
	pages = {715--728},
	author = {Aljoscha C. Neubauer and Evelyn Knorr},
	title = {Elementary cognitive processes in choice reaction time tasks and their correlations with intelligence},
	journal = {Personality and Individual Differences}
}

@article{Neubauer1997b,
	doi = {10.1016/s0191-8869(97)00003-2},
	year  = {1997},
	volume = {22},
	number = {6},
	pages = {885--894},
	author = {Aljoscha C. Neubauer and Rainer Riemann and Ralf Mayer and Alois Angleitner},
	title = {Intelligence and reaction times in the {Hick}, {Sternberg} and {Posner} paradigms},
	journal = {Personality and Individual Differences}
}

@article{Neubauer2000,
	doi = {10.1016/s0160-2896(00)00036-2},
	year  = {2000},
	volume = {28},
	number = {4},
	pages = {267--289},
	author = {Aljoscha C Neubauer and Frank M Spinath and Rainer Riemann and Peter Borkenau and Alois Angleitner},
	title = {Genetic and Environmental Influences on Two Measures of Speed of Information Processing and their Relation to Psychometric Intelligence: Evidence from the German Observational Study of Adult Twins},
	journal = {Intelligence}
}

@article{Nigg2000,
   author = {Nigg, Joel T},
   title = {On inhibition/disinhibition in developmental psychopathology: views from cognitive and personality psychology and a working inhibition taxonomy},
   journal = {Psychological bulletin},
   volume = {126},
   number = {2},
   pages = {220},
   ISSN = {1939-1455},
   DOI = {10.1037//0033-2909.126.2.220},
   url = {http://graphics.tx.ovid.com/ovftpdfs/FPDDNCMCPAFGCA00/fs047/ovft/live/gv031/00006823/00006823-200003000-00002.pdf},
   year = {2000}
}

@incollection{Norman1986,
   author = {Norman, D. A. and Shallice, T},
   title = {Attention to action: Willed and automatic control of behavior},
   booktitle = {Consciousness and self-regulation},
   editor = {Davidson, R. J. and Schwartz, G. E. and Shapiro, D.},
   publisher = {Plenum},
   address = {New York, NY},
   volume = {4},
   year = {1986}
}

@article{Nussbeck2006,
   author = {Nussbeck, Fridtjof W and Eid, Michael and Lischetzke, Tanja},
   title = {Analysing multitrait–multimethod data with structural equation models for ordinal variables applying the WLSMV estimator: What sample size is needed for valid results?},
   journal = {British Journal of Mathematical and Statistical Psychology},
   volume = {59},
   pages = {195-213},
   keywords = {WLSMV},
   DOI = {10.1348/000711005X67490},
   year = {2006}
}

@article{Nuzzo2014,
   author = {Nuzzo, R.},
   title = {Scientific method: Statistical Errors},
   journal = {Nature},
   volume = {506},
   number = {7487},
   pages = {150--152},
   year = {2014},
   doi = {10.1038/506150a}
}

@article{Oberauer1993,
   author = {Oberauer, K.},
   title = {Die Koordination kognitiver Operationen - eine Studie über die Beziehung zwischen Intelligenz und working memory.},
   journal = {Zeitschrift für Psychologie},
   volume = {201},
   pages = {57-84},
   year = {1993}
}

@article{Oberauer2005,
   author = {Oberauer, K. and Schulze, R. and Wilhelm, O. and Süss, H.-M.},
   title = {Working memory and intelligence - their correlation and their relation: Comment on Ackerman, Beier, and Boyle (2005)},
   journal = {Psychological Bulletin},
   volume = {131},
   pages = {61-65},
   DOI = {10.1037/0033-2909.131.1.61},
   year = {2005}
}

@article{Oberauer2000,
   author = {Oberauer, K. and Süss, H.-M. and Schulze, R. and Wilhelm, O. and Wittmann, W. W.},
   title = {Working memory capacity - facets of a cognitive ability construct},
   journal = {Personality and Individual Differences},
   volume = {29},
   pages = {1017-1045},
   year = {2000}
}

@incollection{Oberauer2007,
   author = {Oberauer, Klaus and Süss, Heinz-Martin and Wilhelm, Oliver and Sander, Nicolas},
   title = {Individual differences in working memory: Capacity and reasoning},
   booktitle = {Variation in working memory},
   editor = {Conway, A. R.  and Jarrold, C and Kane, M. J. and Miyake, A. and Towse, J. N.},
   publisher = {Oxford University Press},
   address = {Oxford, NY},
   pages = {49-75},
   year = {2007}
}

@article{Oberauer2003,
   author = {Oberauer, K. and Süss, H.-M. and Wilhelm, O. and Wittman, W. W.},
   title = {The multiple faces of working memory: Storage, processing, supervision, and coordination},
   journal = {Intelligence},
   volume = {31},
   pages = {167-193},
   note = {641EW
Times Cited:127
Cited References Count:45},
   abstract = {Working memory capacity was differentiated along functional and content-related facets. Twenty-four tasks were constructed to operationalize the cells of the proposed taxonomy. We tested 133 university students with the new tasks, together with six working memory marker tasks. With structural equation models, three working memory functions could be distinguished: Simultaneous storage and processing, supervision, and coordination of elements into structures. Each function was further subdivided into distinct components of variance. On the content dimension, evidence for a dissociation between verbal-numerical working memory and spatial working memory was comparatively weak. (C) 2003 Elsevier Science Inc. All rights reserved.},
   keywords = {working memory
cognitive capacity
task-set switching
coordination
adult age-differences
individual-differences
capacity
complexity
speed
tasks
ability},
   url = {<Go to ISI>://000180732700006},
   year = {2003}
}

@article{Oberauer2008,
   author = {Oberauer, K. and Süss, H.-M. and Wilhelm, O. and Wittmann, W. W.},
   title = {Which working memory functions predict intelligence?},
   journal = {Intelligence},
   volume = {36},
   pages = {641-652},
   DOI = {10.1016/j.intell.2008.01.007},
   year = {2008}
}

@article{Posner1980,
   author = {Posner, M. I.},
   title = {Orienting of attention.},
   journal = {Quarterly Journal of Experimental Psychology},
   volume = {32},
   pages = {3-25},
   year = {1980}
}

@book{Posner1978,
	author = {Michael I. Posner},
	title = {Chronometric explorations of mind},
	publisher = {Erlbaum},
	address = {Hillsdale, NJ},
	year = {1978}
}

@article{Posner1969,
	doi = {10.1037/h0026947},
	year  = {1969},
	volume = {79},
	number = {1},
	pages = {1--16},
	author = {Michael I. Posner and Stephen J. Boies and William H. Eichelman and Richard L. Taylor},
	title = {Retention of visual and name codes of single letters.},
	journal = {Journal of Experimental Psychology}
}

@incollection{Rammsayer2001,
   author = {Rammsayer, T. and Brandler, S.},
   title = {Internal consistency of indicators of performance on temporal discrimination and response times as obtained by adaptive psychophysical procedures},
   booktitle = {Fechner day 2001. Proceedings of the seventeenth annual meeting of the international society for psychophysics},
   editor = {Sommerfeld, E. and Kompass, R. and Lachmann, T.},
   publisher = {Pabst Science Publishers},
   address = {Lengerich, Germany},
   pages = {565--570},
   year = {2001}
}

@article{Rammsayer2010,
   author = {Rammsayer, T. and Troche, S.},
   title = {Sex differences in the processing of temporal information in the sub-second range},
   journal = {Personality and Individual Differences},
   volume = {49},
   pages = {923--927},
   DOI = {10.1016/j.paid.2010.07.031},
   year = {2010}
}

@article{Rammsayer2002,
   author = {Rammsayer, T. H. and Brandler, S.},
   title = {On the relationship between general fluid intelligence and psychophysical indicators of temporal resolution in the brain},
   journal = {Journal of Research in Personality},
   volume = {36},
   number = {5},
   pages = {507--530},
   year = {2002},
   doi = {10.1016/S0092-6566(02)00006-5}
}

@article{Rammsayer2004,
   author = {Rammsayer, T. H. and Brandler, S.},
   title = {Aspects of temporal information processing: A dimensional analysis},
   journal = {Psychological Research},
   volume = {69},
   pages = {115--123},
   DOI = {10.1007/s00426-003-0164-3},
   year = {2004}
}

@article{Rammsayer2007,
   author = {Rammsayer, T. H. and Brandler, S.},
   title = {Performance on temporal information processing as an index of general intelligence},
   journal = {Intelligence},
   volume = {35},
   number = {2},
   pages = {123--139},
   DOI = {10.1016/j.intell.2006.04.007},
   year = {2007}
}

@article{Rammsayer1991,
   author = {Rammsayer, T. H. and Lima, S. D.},
   title = {Duration discrimination of filled and empty auditory intervals: Cognitive and perceptual factors},
   journal = {Perception & Psychophysics},
   volume = {50},
   pages = {565--574},
   DOI = {10.3758/BF03207541},
   year = {1991}
}

@article{Rammsayer1998,
   author = {Rammsayer, T. H. and Skrandies, W.},
   title = {Stimulus characteristics and temporal information processing: Psychophysical and electrophysiological data.},
   journal = {Journal of Psychophysiology},
   volume = {12},
   pages = {1--12},
   year = {1998}
}

@article{Rammsayer2010a,
   author = {Rammsayer, T. H. and Troche, S. J.},
   title = {Effects of age and the relationship between response time measures and psychometric intelligence in younger adults},
   journal = {Personality and Individual Differences},
   volume = {48},
   number = {1},
   pages = {49--53},
   DOI = {10.1016/j.paid.2009.08.013},
   year = {2010}
}

@book{Raykov2006,
   author = {Raykov, Tenko and Marcoulides, George A},
   title = {A First Course in Structural Equation Modeling},
   publisher = {Erlbaum},
   address = {Mahwah, NJ},
   edition = {2nd},
   year = {2006}
}

@article{Raz1987,
   author = {Raz, N. and Willerman, L. and Yama, M.},
   title = {On sense and senses: Intelligence and auditory information processing},
   journal = {Personality and Individual Differences},
   volume = {8},
   pages = {201--210},
   year = {1987}
}

@article{Ren2013,
   author = {Ren, Xuezhu and Schweizer, Karl and Xu, Fen},
   title = {The sources of the relationship between sustained attention and reasoning},
   journal = {Intelligence},
   volume = {41},
   pages = {51--58},
   DOI = {10.1016/j.intell.2012.10.006},
   year = {2013}
}

@article{Romao2009,
   author = {Romão, X. and Delgado, D. and Costa, A.},
   title = {An empirical power comparison of univariate goodness-of-fit tests for normality},
   journal = {Journal of Statistical Computation and Simulation},
   volume = {80},
   pages = {545--591},
   year = {2009}
}

@article{Rouder,
   author = {Rouder, J. N. and Morey, R. D. and Verhagen, J. and Province, J. M. and Wagenmakers, E.-J.},
   title = {The p < .05 rule and the hidden costs of the free lunch in inference},
   year = {in press}
}

@article{Ruch1999,
   author = {Ruch, Willibald},
   title = {{Die revidierte Fassung des Eysenck Personality Questionnaire und die Konstruktion des deutschen EPQ-R bzw. EPQ-RK}},
   journal = {Zeitschrift für Differentielle und Diagnostische Psychologie},
   volume = {20},
   number = {1},
   pages = {1--24},
   DOI = {10.1024//0170-1789.20.1.1},
   year = {1999}
}

@article{Salthouse1992,
   author = {Salthouse, T. A.},
   title = {Working-memory mediation of adult age-differences in integrative reasoning},
   journal = {Memory & Cognition},
   volume = {20},
   pages = {413-423},
   year = {1992}
}

@article{Salthouse1996,
   author = {Salthouse, T. A.},
   title = {The processing-speed theory of adult age differences in cognition},
   journal = {Psychological Review},
   volume = {103},
   pages = {403-428},
   year = {1996}
}

@article{Salthouse1990,
   author = {Salthouse, T. A. and Babcock, R. L. and Mitchell, D. R. D. and Palmon, R. and Skovronek, E.},
   title = {Sources of individual differences in spatial visualization ability},
   journal = {Intelligence},
   volume = {14},
   pages = {187-230},
   year = {1990}
}

@article{Salthouse1991,
   author = {Salthouse, T. A. and Babcock, R. L. and Shaw, R. J.},
   title = {Effects of adult age on structural and operational capacities in working memory},
   journal = {Psychology and Aging},
   volume = {6},
   pages = {118-27},
   note = {Salthouse, T A
Babcock, R L
Shaw, R J
AG06826/AG/NIA NIH HHS/
Psychol Aging. 1991 Mar;6(1):118-27.},
   abstract = {Eight experiments were conducted in which young adults and older adults were asked to report the latest value of 1 of several continuously changing numeric or spatial variables. Accuracy of reporting the current value of the target variable was lower with increases in the number of potentially relevant variables and with increases in the number of required processing operations. Young and older adults exhibited similar effects of the number of potentially relevant variables (hypothesized to be sensitive to the structural capacity of working memory) and of the number of required processing operations (hypothesized to be sensitive to the operational capacity of working memory), but older adults were generally less accurate than young adults.},
   keywords = {Adult
Aged
Aging/*psychology
*Arousal
*Attention
Concept Formation
Female
Humans
Male
*Mental Recall
Middle Aged
*Orientation
*Psychomotor Performance
Reaction Time},
   ISSN = {0882-7974 (Print)
0882-7974 (Linking)},
   url = {http://www.ncbi.nlm.nih.gov/pubmed/2029360},
   year = {1991}
}

@incollection{Satorra1988,
	author = {Satorra, A. and Bentler, P. M.},
	title = {Scaling corrections for chi-square statistics in covariance structure analysis.},
	booktitle = {Latent variable analysis: Applications to developmental research},
	editor = {von Eye, A. and Clogg, C. C.},
	publisher = {Sage},
	address = {Alexandra, VA?},
	pages = {XX-XX},
	year = {3000}
}

@incollection{Satorra1994,
   author = {Satorra, A. and Bentler, P. M.},
   title = {Corrections to test statistics and standard errors in covariance structure analysis},
   booktitle = {Latent variable analysis: Applications to developmental research},
   editor = {von Eye, A. and Clogg, C. C.},
   publisher = {Sage},
   address = {Thousand Oaks, CA},
   pages = {399--419},
   year = {1994}
}

@article{Satorra2001,
   author = {Satorra, A. and Bentler, P. M.},
   title = {A scaled difference chi-square test statistic for moment structure analysis},
   journal = {Psychometrika},
   volume = {66},
   number = {4},
   pages = {507--514},
   year = {2001},
   doi = {10.1007/BF02296192}
}

@article{Schermelleh-Engel2003,
   author = {Schermelleh-Engel, K. and Moosbrugger, H. and Müller, H.},
   title = {Evaluating the fit of structural equation models: Tests of significance and descriptive goodness-of-fit measures.},
   journal = {Methods of Psychological Research Online},
   volume = {8},
   pages = {23-74},
   year = {2003}
}

@article{Schmitt1995,
   author = {Schmitt, Manfred J. and Falkenau, Kay and Montada, Leo},
   title = {Zur {Messung} von {Eifersucht} über stellvertretende {Emotionsbegriffe} und zur {Bereichsspezifität} der {Eifersuchtsneigung}},
   journal = {Diagnostica},
   volume = {41},
   number = {2},
   pages = {131-149},
   year = {1995}
}

@incollection{Schneider2012,
   author = {Schneider, W. J. and McGrew, K. S.},
   title = {The Cattel–Horn–Carroll model of intelligence},
   booktitle = {Contemporary intellectual assessment:  Theories, tests, and issues },
   editor = {Flanagan, D. P. and Harrison, P. L.},
   publisher = {Guilford Press},
   address = {New York, NY},
   edition = {3rd},
   pages = {99-144},
   year = {2012}
}

@article{Schwartz1999,
   author = {Schwartz, B. D. and Maron, B. A. and Evans, W. J. and Winstead, D. K.},
   title = {High velocity transient visual processing deficits diminish ability of patients with schizophrenia to recognize objects},
   journal = {Neuropsychiatry, Neuropsychology, & Behavioral Neurology},
   volume = {12},
   pages = {170-177},
   year = {1999}
}

@article{Schweizer1996,
   author = {Schweizer, K.},
   title = {The speed-accuracy transition due to task complexity},
   journal = {Intelligence},
   volume = {22},
   pages = {115-128},
   year = {1996}
}

@article{Schweizer2004,
	doi = {10.1016/j.intell.2004.06.006},
	year  = {2004},
	volume = {32},
	number = {4},
	pages = {329--347},
	author = {K Schweizer and H Moosbrugger},
	title = {Attention and working memory as predictors of intelligence},
	journal = {Intelligence}
}

@article{Schweizer2006a,
   author = {Schweizer, K.},
   title = {The fixed-links model in combination with the polynomial function as a tool for investigating choice reaction time data},
   journal = {Structural Equation Modeling: A Multidisciplinary Journal },
   volume = {13},
   number = {3},
   pages = {403--419},
   DOI = {10.1207/s15328007sem1303_4},
   year = {2006}
}

@article{Schweizer2006b,
   author = {Schweizer, K.},
   title = {The fixed-links model for investigating the effects of general and specific processes on intelligence},
   journal = {Methodology},
   volume = {2},
   number = {4},
   pages = {149--160},
   DOI = {10.1027/1614-2241.2.4.149},
   year = {2006}
}

@article{Schweizer2007,
   author = {Schweizer, K.},
   title = {Investigating the relationship of working memory tasks and fluid intelligence tests by means of the fixed-links model in considering the impurity problem},
   journal = {Intelligence},
   volume = {35},
   number = {6},
   pages = {591--604},
   DOI = {10.1016/j.intell.2006.11.004},
   year = {2007}
}

@article{Schweizer2008,
   author = {Schweizer, K.},
   title = {Investigating experimental effects within the framework of structural equation modeling: An example with effects on both error scores and reaction times},
   journal = {Structural Equation Modeling: A Multidisciplinary Journal},
   volume = {15},
   pages = {327-345},
   DOI = {10.1080/10705510801922621},
   year = {2008}
}

@article{Schweizer2009a,
   author = {Schweizer, K.},
   title = {Fixed-links models for investigating experimental effects combined with processing strategies in repeated measures designs: A cognitive task as example},
   journal = {British Journal of Mathematical and Statistical Psychology },
   volume = {62},
   pages = {217-232},
   DOI = {10.1348/000711007X268558},
   year = {2009}
}

@article{Schweizer2011a,
   author = {Schweizer, K.},
   title = {Scaling variances of latent variables by standardizing loadings: Applications to working memory and the position effect},
   journal = {Multivariate Behavioral Research},
   volume = {46},
   pages = {938--955},
   number = {6},
   DOI = {10.1080/00273171.2011.625312},
   year = {2011}
}

@article{Schweizer2012a,
   author = {Schweizer, K.},
   title = {The position effect in reasoning items considered from the CFA perspective},
   journal = {The International Journal of Educational and Psychological Assessment},
   volume = {11},
   pages = {44-58},
   note = {- linear
- quadratic
- logarithmic
- unklar und selektiv Items weggelassen},
   year = {2012}
}

@article{Schweizer2013,
   author = {Schweizer, K.},
   title = {A threshold-free approach to the study of the structure of binary data},
   journal = {International Journal of Statistics and Probability},
   volume = {2},
   pages = {67-76},
   DOI = {10.5539/ijsp.v2n2p67},
   year = {2013}
}

@article{Schweizer2010,
   author = {Schweizer, K. and Altmeyer, Michael and Reiss, Siegbert and Schreiner, Michael},
   title = {The c-bifactor model as a tool for the construction of semi-homogeneous upper-level measures},
   journal = {Psychological Test and Assessment Modeling},
   volume = {52},
   number = {3},
   pages = {298--312},
   year = {2010},
   url = {http://www.psychologie-aktuell.com/fileadmin/download/ptam/3-2010_20100928/05_Schweizer.pdf}
}

@article{Schweizer2005,
   author = {Schweizer, K. and Moosbrugger, H. and Goldhammer, F.},
   title = {The structure of the relationship between attention and intelligence},
   journal = {Intelligence},
   volume = {33},
   pages = {589-611},
   DOI = {10.1016/j.intell.2005.07.001},
   year = {2005}
}

@article{Schweizer2012b,
   author = {Schweizer, K. and Reiss, S. and Schreiner, M. and Altmeyer, M.},
   title = {Validity improvement in two reasoning measures following the elimination of the position effect},
   journal = {Journal of Individual Differences},
   volume = {33},
   pages = {54-61},
   note = {Linear or quadratic functions were applied for representing the position effect.},
   year = {2012}
}

@article{Schweizer2009b,
   author = {Schweizer, K. and Schreiner, M. and Gold, A.},
   title = {The confirmatory investigation of APM items with loadings as a function of the position and easiness of items: A two-dimensional model of APM},
   journal = {Psychology Science Quarterly},
   volume = {51},
   pages = {47-64},
   note = {- The best model fit characterized the “accelerating” version
- The “acceleration” version does a bit better than the “linear” version},
   year = {2009}
}

@article{Schweizer2011b,
   author = {Schweizer, K. and Troche, S. J. and Rammsayer, T. H.},
   title = {On the special relationship between fluid and general intelligence: New evidence obtained by considering the position effect},
   journal = {Personality and Individual Differences},
   volume = {50},
   pages = {1249-1254},
   year = {2011}
}

@article{Schweizer2011c,
   author = {Schweizer, K. and Troche, S. J. and Rammsayer, T. H.},
   title = {On the special relationship between fluid and general intelligence: New evidence obtained by considering the position effect},
   journal = {Personality and Individual Differences},
   volume = {50},
   pages = {1249-1254},
   note = {The loadings on the position-related latent variable were fixed by a linearly increasing sequence of numbers (e.g., from 1 to 14).},
   year = {2011}
}

@article{Sederberg2008,
   author = {Sederberg, P. B. and Howard, M. W. and Kahana, M. J.},
   title = {A context-based theory of recency and contiguity in free recall},
   journal = {Psychological Review},
   volume = {115},
   pages = {893-912},
   year = {2008}
}

@article{Sheppard2008,
   author = {Sheppard, L. D. and Vernon, P. A.},
   title = {Intelligence and speed of infor\-mation-pro\-ces\-sing: A review of 50 years of research},
   journal = {Personality and Individual Differences},
   volume = {44},
   pages = {535--551},
   year = {2008},
   doi = {10.1016/j.paid.2007.09.015}
}

@article{Silk2010,
   author = {Silk, T. J. and Bellgrove, M. A. and Wrafter, P. and Mattingley, J. B. and Cunnington, R.},
   title = {Spatial working memory and spatial attention rely on common neural processes in the intraparietal sulcus},
   journal = {NeuroImage},
   volume = {53},
   pages = {718-724},
   DOI = {10.1016/j.neuroimage.2010.06.068},
   year = {2010}
}

@article{Smith2002,
   author = {Smith, A},
   title = {Effects of caffeine on human behavior},
   journal = {Food and Chemical Toxicology},
   volume = {40},
   number = {9},
   pages = {1243-1255},
   DOI = {10.1016/S0278-6915(02)00096-0},
   year = {2002}
}

@incollection{Snow1984,
   author = {Snow, R. E. and Kyllonen, P. C. and Mashalek, B.},
   title = {The topography of ability and learning correlations},
   booktitle = {Advances in the psychology of human intelligence},
   editor = {Sternberg, R. J.},
   publisher = {Erlbaum},
   address = {Hillsdale, NJ},
   volume = {2},
   pages = {47-104},
   year = {1984}
}

@article{Sommer2005,
   author = {Sommer, M. and Arendasy, M. and Häusler, J.},
   title = {Theory-based construction and validation of a modern computerized intelligence test battery},
   pages = {Retrieved from http://www.researchgate.net/publication/228692410_Theory-based_construction_and_validation_of_a_modern_computerized_intelligence_test_battery},
   year = {2005}
}

@article{Spearman1904,
   author = {Spearman, C.},
   title = {``{G}eneral intelligence,'' objectively determined and measured},
   journal = {The American Journal of Psychology},
   volume = {15},
   number = {2},
   doi = {10.2307/1412107},
   pages = {201--292},
   year = {1904}
}

@book{Spearman1927,
   author = {Spearman, C.},
   title = {The abilities of man},
   publisher = {Macmillan},
   address = {London, England},
   year = {1927}
}

@article{Stankov2000,
   author = {Stankov, Lazar},
   title = {Complexity, metacognition, and fluid intelligence},
   journal = {Intelligence},
   volume = {28},
   pages = {121-143},
   year = {2000}
}

@article{Stankov2007,
   author = {Stankov, Lazar and Schweizer, K.},
   title = {Raven’s Progressive Matrices, manipulations of complexity and measures of accuracy, speed and confidence},
   journal = {Psychology Science},
   volume = {49},
   pages = {326-342},
   year = {2007}
}

@article{Stauffer2011,
   author = {Stauffer, C. C. and Haldemann, J. and Troche, S. J. and Rammsayer, T. H.},
   title = {Auditory and visual temporal sensitivity: Evidence for a hierarchical structure of modality-specific and modality-independent levels of temporal information processing},
   journal = {Psychological Research},
   volume = {76},
   number = {1},
   pages = {20--31},
   DOI = {10.1007/s00426-011-0333-8},
   year = {2011}
}

@article{Stauffer2014,
   author = {Stauffer, C. C. and Troche, S. J. and Schweizer, K. and Ram\-msayer, T. H.},
   title = {Intelligence is related to specific processes in visual change detection: Fixed-links modeling of hit rate and reaction time},
   journal = {Intelligence},
   volume = {43},
   pages = {8--20},
   DOI = {10.1016/j.intell.2013.12.003},
   year = {2014}
}

@article{Stauffer1996,
   author = {Stauffer, J. M. and Ree, M. J. and Caretta, T. R.},
   title = {Cognitive-components tests are not much more than g: An extension of Kyllonen's analysis},
   journal = {Journal of General Psychology},
   volume = {123},
   pages = {193-205},
   year = {1996}
}

@book{Steiger1989,
   author = {Steiger, J. H.},
   title = {EzPATH: Causal modeling},
   publisher = {SYSTAT},
   address = {Evanston, IL},
   year = {1989}
}

@article{Steiger1990,
   author = {Steiger, J. H.},
   title = {Structural model evaluation and modification: An interval estimation approach},
   journal = {Multivariate Behavioral Research},
   volume = {25},
   number = {2},
   pages = {173--180},
   doi = {10.1207/s15327906mbr2502_4},
   year = {1990}
}

@misc{Steiger1980,
   author = {Steiger, J. H. and Lind, J. M.},
   title = {Statistically based tests for the number of common factors},
   month = {Juni},
   year = {1980}
}

@incollection{Stelmack1995,
   author = {Stelmack, R. M. and Houlihan, M.},
   title = {Event-related potentials, personality, and intelligence: Concepts, issues, and evidence},
   booktitle = {International handbook of personality and intelligence},
   editor = {Saklofske, D. H. and Zeidner, M.},
   publisher = {Plenum Press},
   address = {New York, NY},
   pages = {349-366},
   year = {1995}
}



@article{Stough1995,
   author = {Stough, C and Mangan, G and Bates, T and Frank, N and Kerkin, B and Pellett, O},
   title = {Effects of nicotine on perceptual speed},
   journal = {Psychopharmacology},
   volume = {119},
   number = {3},
   pages = {305--310},
   DOI = {10.1007/BF02246296},
   year = {1995}
}

@incollection{Surwillo1968,
   author = {Surwillo, W. W.},
   title = {Timing of behaviour in senescence and the role of the central nervous system},
   booktitle = {Human aging and behavior},
   editor = {Talland, G. A.},
   publisher = {Academic Press},
   address = {New York, NY},
   pages = {1-35},
   year = {1968}
}

@incollection{Suess2005,
   author = {Süss, Heinz-Martin and Beauducel, André},
   title = {Faceted models of intelligence},
   booktitle = {Handbook of understanding and measuring intelligence},
   editor = {Wilhelm, O. and Engle, R. W.},
   publisher = {Sage},
   address = {Thousand Oaks, CA},
   pages = {313-332},
   year = {2005}
}

@article{Suess2015,
   author = {Süss, Heinz-Martin and Beauducel, André},
   title = {Modeling the construct validity of the {Berlin Intelligence Structure Model}},
   journal = {Estudos de Psicologia},
   volume = {32},
   number = {1},
   pages = {13-25},
   DOI = {10.1590/0103-166X2015000100002 },
   year = {2015}
}

@article{Suess2002,
   author = {Süss, Heinz-Martin and Oberauer, Klaus and Wittman, W. W. and Wilhelm, O. and Schulze, R.},
   title = {Working-memory capacity explains reasoning ability -- and a little bit more},
   journal = {Intelligence},
   volume = {30},
   number = {3},
   doi = {10.1016/S0160-2896(01)00100-3},
   pages = {261--288},
   year = {2002}
}

@article{Suess1991,
   author = {Süss, Heinz Martin and Kersting, M. and Oberauer, K.},
   title = {Intelligenz und Wissen als Prädiktoren für Leistungen bei computersimulierten komplexen Problemen},
   journal = {Diagnostica},
   volume = {37},
   pages = {334-352},
   year = {1991}
}

@article{Tadin2015,
   author = {Tadin, Duje},
   title = {Suppressive mechanisms in visual motion processing: From perception to intelligence},
   journal = {Vision Research},
   volume = {115},
   pages = {58-70},
   DOI = {10.1016/j.visres.2015.08.005},
   year = {2015}
}

@article{Tadin2006,
   author = {Tadin, Duje and Kim, Jejoong and Doop, Mikisha L. and Gibson, Crystal and Lappin, Joseph S. and Blake, Randolph and Park, Sohee},
   title = {Weakened center-surround interactions in visual motion processing in schizophrenia},
   journal = {Journal of Neuroscience},
   volume = {26},
   number = {44},
   pages = {11403--11412},
   year = {2006},
   doi = {10.1523/JNEUROSCI.2592-06.2006}
}

@article{Tadin2005a,
   author = {Tadin, Duje and Lappin, J. S.},
   title = {Optimal size for perceiving motion decreases with contrast},
   journal = {Vision Research},
   volume = {45},
   number = {16},
   pages = {2059-2064},
   DOI = {10.1016/j.visres.2005.01.029},
   year = {2005}
}

@incollection{Tadin2005b,
   author = {Tadin, Duje and Lappin, J. S.},
   title = {Linking psychophysics and physiology of center-surround interactions in visual motion processing},
   booktitle = {Seeing Spatial Form},
   editor = {Jenkin, Michael R M and Harris, Laurence R},
   publisher = {Oxford University Press},
   address = {New York, NY},
   url = {https://books.google.ch/books?hl=en&lr=&id=HqaKlR_GpP0C&oi=fnd&pg=PA279&dq=Tadin,+D.+%26+Lappin,+J.S.+(2005)+Linking+psychophysics+and+physiology+of+center-surround+interactions+in+visual+motion+processing&ots=nDr-Np-u2y&sig=Meyjb9y5FyI0vCk06gYqUB_HT6Q#v=onepage&q&f=false},
   year = {2005}
}

@article{Tadin2003,
   author = {Tadin, Duje and Lappin, J. S. and Gilroy, L. A. and Blake, R.},
   title = {Perceptual consequences of centre-surround antagonism in visual motion processing},
   journal = {Nature},
   volume = {424},
   pages = {312--315},
   DOI = {10.1038/nature01800},
   year = {2003}
}

@article{Tadin2011,
   author = {Tadin, Duje and Silvanto, Juha and Pascual-Leone, Alvaro and Battelli, Lorella},
   title = {Improved motion perception and impaired spatial suppression following disruption of cortical area {MT/V5}},
   journal = {Journal of Neuroscience},
   volume = {31},
   number = {4},
   pages = {1279--1283},
   year = {2011},
   doi = {10.1523/JNEUROSCI.4121-10.2011}
}

@article{Lappin2009,
	doi = {10.1167/9.1.30},
	year  = {2009},
	volume = {9},
	number = {1},
	pages = {1--14},
	author = {J. S. Lappin and D. Tadin and J. B. Nyquist and A. L. Corn},
	title = {Spatial and temporal limits of motion perception across variations in speed,  eccentricity,  and low vision},
	journal = {Journal of Vision}
}

@article{Thomas2015,
   author = {Thomas, P. and Ram\-msayer, T. H. and Schwei\-zer, K. and Troche, S. J.},
   title = {Elucidating the functional relationship between working memory capacity and psychometric intelligence: A fixed-links modeling approach for experimental repeated-measures designs.},
   journal = {Advances in Cognitive Psychology},
   volume = {11},
   number = {1},
   pages = {3--13},
   DOI = {10.5709/acp-0166-6},
   year = {2015}
}

@book{Thurstone1938,
	author = {Thurstone, L. L.},
	title = {Primary Mental Abilities},
	publisher = {The University of Chicago Press},
	address = {Chicago, IL},
	year = {1938}
}

@book{Thurstone1941,
   author = {Thurstone, L. L. and Thurstone, Th. G.},
   title = {Primary Mental Abilities},
   publisher = {The University of Chicago Press},
   address = {Chicago, IL},
   year = {1941}
}

@article{Tomarken2005,
   author = {Tomarken, Andrew J and Waller, Niels G},
   title = {Structural equation modeling: Strengths, limitations, and misconceptions},
   journal = {Annual Review of Clinical Psychology},
   volume = {1},
   pages = {31-65},
   year = {2005}
}

@article{Trafimov2015,
   author = {Trafimov, D. and Marks, M.},
   title = {Editorial},
   journal = {Basic and Applied Social Psychology},
   volume = {37},
   pages = {1-2},
   DOI = {10.1080/01973533.2015.1012991},
   year = {2015}
}

@article{Troche2009a,
   author = {Troche, S. J. and Houlihan, M. E. and Stelmack, R. M. and Rammsayer, T. H.},
   title = {Mental ability, P300, and mismatch negativity: Analysis of frequency and duration discrimination},
   journal = {Intelligence},
   volume = {37},
   number = {4},
   pages = {365–373},
   DOI = {10.1016/j.intell.2009.03.002},
   year = {2009}
}

@article{Troche2010,
   author = {Troche, S. J. and Houlihan, M. E. and Stelmack, R. M. and Rammsayer, T. H.},
   title = {Mental ability and the discrimination of auditory frequency and duration change without focused attention: An analysis of mismatch negativity},
   journal = {Personality and Individual Differences},
   volume = {49},
   pages = {228-223},
   DOI = {10.1016/j.paid.2010.03.040},
   year = {2010}
}

@incollection{Troche2009b,
   author = {Troche, S. J. and Rammsayer, T. H.},
   title = {Neural oscillations and intelligence: The temporal resolution power hypothesis},
   booktitle = {Chronobiology and {Chronopsychology}},
   editor = {Baudson, T. G. and Seemüller, A. and Dresler, M},
   publisher = {Pabst Science Publishers},
   address = {Lengerich, Deutschland},
   pages = {62-76},
   year = {2009}
}

@article{Troche2009c,
   author = {Troche, S. J. and Rammsayer, T. H},
   title = {The influence of temporal resolution power and working memory capacity on psychometric intelligence},
   journal = {Intelligence},
   volume = {37},
   pages = {479-486},
   number = {5},
   DOI = {10.1016/j.intell.2009.06.001},
   year = {2009}
}

@article{Troche2009d,
   author = {Troche, S. J. and Rammsayer, T. H.},
   title = {Temporal and non-temporal sensory discrimination and their predictions of capacity- and speed-related aspects of psychometric intelligence},
   journal = {Personality and Individual Differences},
   volume = {47},
   number = {1},
   pages = {52-57},
   DOI = {10.1016/j.paid.2009.02.001},
   year = {2009}
}

@incollection{Troche2011,
   author = {Troche, S. J. and Rammsayer, T. H.},
   title = {Temporal information processing and mental ability: A new perspective},
   booktitle = {Multidisciplinary aspects of time and time perception },
   editor = {Vatakis, A. and Esposito, A. and Giagkou, M. and Cummins, F. and Papadelis, G.},
   publisher = {Springer},
   address = {Heidelberg, Germany},
   pages = {186-195},
   year = {2011}
}

@article{Troche2009e,
   author = {Troche, S. J. and Schwei\-zer, K. and Rammsayer, T. H.},
   title = {The relationship between attentional blink and psychometric intelligence: A fixed-links model approach},
   journal = {Psychology Science Quarterly},
   volume = {51},
   pages = {432--448},
   year = {2009}
}

@article{Troche2014,
   author = {Troche, S. J. and Wagner, F. L. and Voelke, A. E. and Roebers, C. M. and Rammsayer, T. H.},
   title = {Individual differences in working memory capacity explain the relationship between general discrimination ability and psychometric intelligence},
   journal = {Intelligence},
   volume = {44},
   pages = {40-50},
   DOI = {10.1016/j.intell.2014.02.009},
   year = {2014}
}

@article{Ullen2008,
   author = {Ullén, F. and Forsman, L. and Blom, Ö. and Karabanov, A. and Madison, G.},
   title = {Intelligence and variability in a simple timing task share neural substrates in the prefrontal white matter},
   journal = {Journal of Neuroscience},
   volume = {28},
   pages = {4238-4243},
   DOI = {10.1523/JNEUROSCI.0825-08.2008},
   year = {2008}
}

@article{Ullen2012,
   author = {Ullén, F. and Söderlund, T. and Kääriä, L. and Madison, G.},
   title = {Bottom–up mechanisms are involved in the relation between accuracy in timing tasks and intelligence — Further evidence using manipulations of state motivation},
   journal = {Intelligence},
   volume = {40},
   DOI = {10.1016/j.intell.2012.01.012},
   year = {2012}
}

@article{Unsworth2007,
   author = {Unsworth, N. and Engle, R. W.},
   title = {The nature of individual differences in working memory capacity: Active maintenance in primary memory and controlled search from secondary memory},
   journal = {Psychological Review},
   volume = {114},
   number = {1},
   pages = {104--132},
   DOI = {10.1037/0033-295X.114.1.104},
   year = {2007}
}

@article{Unsworth2015,
   author = {Unsworth, N. and Redick, Thomas S. and McMillan, Brittany D. and Hambrick, David Z. and Kane, M. J. and Engle, R. W.},
   title = {Is playing video games related to cognitive abilities?},
   journal = {Psychological Science},
   volume = {26},
   number = {6},
   pages = {1-16},
   DOI = {10.1177/0956797615570367},
   year = {2015}
}

@article{Valerius2014,
   author = {Valerius, Sonja and Sparfeldt, Jörn R.},
   title = {Consistent \textit{g}- as well as consistent verbal-, numerical- and figural-factors in nested factor models? {Confirmatory} factor analyses using three test batteries},
   journal = {Intelligence},
   volume = {44},
   pages = {120--133},
   DOI = {10.1016/j.intell.2014.04.003},
   year = {2014}
}

@article{VanderLubbe2014,
   author = {Van der Lubbe, R. H. J. and Bundt, C. and Abrahamse, E. L.},
   title = {Internal and external spatial attention examined with lateralized EEG power spectra},
   journal = {Brain Research},
   volume = {1583},
   pages = {179-192},
   DOI = {10.1016/j.brainres.2014.08.007},
   year = {2014}
}

@article{VanRavezwaaij2011,
   author = {van Ravenzwaaij, Don and Brown, Scott and Wagenmakers, Eric-Jan},
   title = {An integrated perspective on the relation between response speed and intelligence},
   journal = {Cognition},
   volume = {119},
   number = {3},
   pages = {381-393},
   ISSN = {0010-0277},
   DOI = {10.1016/j.cognition.2011.02.002},
   url = {http://ac.els-cdn.com/S0010027711000473/1-s2.0-S0010027711000473-main.pdf?_tid=4d1d5d66-d949-11e4-b36c-00000aab0f6b&acdnat=1427987137_0a5728e82e84079dbed0eee5ae0f5f25
http://www.sciencedirect.com/science/article/pii/S0010027711000473},
   year = {2011}
}

@incollection{Vernon2000,
   author = {Vernon, P. A. and Wickett, J. C. and Bazana, P. Gordon and Stelmack, R. M.},
   title = {The neuropsychology and psychophysiology of human intelligence},
   booktitle = {Handbook of Intelligence},
   editor = {Sternberg, R. J.},
   publisher = {Cambridge University Press},
   address = {New York, NY},
   chapter = {12},
   pages = {245-264},
   year = {2000}
}

@book{Vernon1950,
author = {Vernon, P. A.},
title = {The structure of human abilites},
publisher = {Methuen},
address = {London, England},
year = {1950}
}

@article{Vernon1983,
	doi = {10.1016/0160-2896(83)90006-5},
	year  = {1983},
	volume = {7},
	number = {1},
	pages = {53--70},
	author = {P. A. Vernon},
	title = {Speed of information processing and general intelligence},
	journal = {Intelligence}
}



@article{Vickers1972,
   author = {Vickers, D. and Nettelbeck, T. and Willson, R. J.},
   title = {Perceptual indices of performance: {The} measurement of `inspection time' and `noise' in the visual system},
   journal = {Perception},
   volume = {1},
   number = {3},
   pages = {263--295},
   doi = {10.1068/p010263},
   year = {1972}
}

@article{Voelke2013,
   author = {Voelke, A. E. and Troche, S. J. and Rammsayer, T. H. and Roebers, C. M.},
   title = {Sensory discrimination, working memory and intelligence in 9-year-old and 11-year-old children},
   journal = {Infant and Child Development},
   volume = {22},
   pages = {523-538},
   DOI = {10.1002/icd.1803},
   year = {2013}
}

@article{Wagenmakers2007,
   author = {Wagenmakers, E.-J.},
   title = {A practical solution to the pervasive problems of p values},
   journal = {Psychonomic Bulletin and Review},
   volume = {14},
   pages = {779-804},
   year = {2007}
}

@article{Wagner2014,
   author = {Wagner, F. L. and Ram\-msayer, T. H. and Schwei\-zer, K. and Troche, S. J.},
   title = {Relations between the attentional blink and aspects of psychometric intelligence: A fixed-links modeling approach},
   journal = {Personality and Individual Differences},
   volume = {58},
   pages = {122--127},
   DOI = {10.1016/j.paid.2013.10.023},
   year = {2014}
}

@article{Wang2015,
   author = {Wang, Tengfei and Ren, Xuezhu and Schweizer, Karl},
   title = {The modeling of temporary storage and its effect on fluid intelligence: Evidence from both {Brown–Peterson} and complex span tasks},
   journal = {Intelligence},
   volume = {49},
   pages = {84--93},
   DOI = {10.1016/j.intell.2015.01.002},
   year = {2015}
}

@article{Watson1983,
   author = {Watson, Andrew B. and Pelli, Denis G.},
   title = {QUEST: A {Bayesian} adaptive psychometric method},
   journal = {Perception \& Psychophysics},
   volume = {33},
   number = {2},
   pages = {113--120},
   doi = {10.3758/BF03202828},
   year = {1983}
}

@book{Wechsler2008,
   author = {Wechsler, David},
   title = {{Wechsler Adult Intelligence Scale-Fourth Edition (WAIS-IV)}},
   publisher = {Pearson},
   address = {San Antonio, TX},
   year = {2008}
}

@misc{Wickham2014,
   author = {Wickham, Hadley and Francois, Romain},
   title = {dplyr: A Grammar  of Data Manipulation. R package version 0.3.0.2.},
   url = {http://CRAN.R-project.org/package=dplyr},
   year = {2014}
}

@article{Widaman1989,
   author = {Widaman, K. F. and Carlson, J. S.},
   title = {Procedural effects on performance on the Hick paradigm: bias in reaction time and movement time parameters},
   journal = {Intelligence},
   volume = {13},
   pages = {63-85},
   year = {1989}
}

@book{Wilhelm1995,
   author = {Wilhelm, O. and Wittmann, W.W.},
   title = {Entwicklung und Erprobung logischer Denktests: LODE},
   address = {Universität Mannheim},
   url = {http://books.google.ch/books?id=R_efXwAACAAJ},
   year = {1995}
}

@misc{Wittmann1995,
   author = {Wittmann, W. W. and Süss, H.-M. and Oberauer, K. and Schulze, R. and Wilhelm, O.},
   title = {Der Zusammenhang von Arbeitsgedächtniskapazität und Konstrukten der Intelligenzstrukturforschung},
   year = {1995}
}

@article{Yung1999,
   author = {Yung, Yiu-Fai and Thissen, David and McLeod, Lori D.},
   title = {On the relationship between the higher-order factor model and the hierarchical factor model},
   journal = {Psychometrika},
   volume = {64},
   number = {2},
   pages = {113-128},
   year = {1999}
}

@misc{R,
    title = {R: A Language and Environment for Statistical Computing ({Version} 3.3.0)},
    author = {{R Core Team}},
    organization = {R Foundation for Statistical Computing},
    year = {2016},
    type = {\bibcomputersoftware},
    url = {http://www.R-project.org/}
}

@misc{RStudio,
    title = {RStudio: Integrated Development Environment for {R} ({Version} 0.99.903)},
    author = {{RStudio Team}},
    organization = {RStudio, Inc.},
    year = {2012},
    type = {\bibcomputersoftware},
    url = {http://www.rstudio.com/}
  }


@misc{readxl,
    title = {readxl: Read Excel Files ({Version} 0.1.0)},
    author = {Hadley Wickham},
    year = {2015},
    type = {\bibcomputersoftware},
    url = {http://CRAN.R-project.org/package=readxl}
  }


@misc{dplyr,
    title = {dplyr: A Grammar of Data Manipulation ({Version} 0.3.0.2)},
    author = {Hadley Wickham and Romain Francois},
    year = {2014},
    type = {\bibcomputersoftware},
    url = {http://CRAN.R-project.org/package=dplyr}
    }

@misc{R.matlab,
    title = {R.matlab: Read and write of MAT files together with R-to-MATLAB
connectivity ({Version} 3.1.1)},
    author = {Henrik Bengtsson},
    year = {2014},
    type = {\bibcomputersoftware},
    url = {http://CRAN.R-project.org/package=R.matlab}
  }

@misc{semPlot,
    title = {semPlot: Path diagrams and visual analysis of various SEM packages'
output ({Version} 1.0.1)},
    author = {Sacha Epskamp},
    year = {2014},
    type = {\bibcomputersoftware},
    url = {http://CRAN.R-project.org/package=semPlot}
  }

@Article{lavaan,
    title = {{lavaan}: An {R} Package for Structural Equation Modeling},
    author = {Yves Rosseel},
    journal = {Journal of Statistical Software},
    year = {2012},
    volume = {48},
    number = {2},
    pages = {1--36},
    DOI = {10.18637/jss.v048.i02}
  }

@misc{psych,
    title = {psych: Procedures for Psychological, Psychometric, and Personality Research
    ({Version} 1.5.8)},
    author = {William Revelle},
    organization = {Northwestern University},
    year = {2015},
    type = {\bibcomputersoftware},
    url = {http://CRAN.R-project.org/package=psych},
  }

@misc{rprime,
    title = {rprime: Functions for Working with 'Eprime' Text Files ({Version} 0.1.0)},
    author = {Tristan Mahr},
    year = {2015},
    type = {\bibcomputersoftware},
    url = {http://CRAN.R-project.org/package=rprime},
  }

@misc{tikzDevice,
    title = {tikzDevice: R Graphics Output in {LaTeX} Format ({Version} 0.10-1)},
    author = {Charlie Sharpsteen and Cameron Bracken},
    year = {2016},
    type = {\bibcomputersoftware},
    url = {http://CRAN.R-project.org/package=tikzDevice},
  }

@book{Murphy2005,
   author = {Murphy, Kevin R. and Davidshofer, Charles O.},
   title = {Psychogological testing: Principles and applications},
   publisher = {Pearson},
   address = {Upper Saddle River, NJ},
   edition = {6},
   year = {2005}
}

 @article{Axelrod2002,
   author = {Axelrod, B. N.},
   title = {Validity of the {Wechsler} abbreviated scale of intelligence and other very short forms of estimating intellectual functioning},
   journal = {Assessment},
   volume = {9},
   number = {1},
   pages = {17--23},
   DOI = {10.1177/1073191102009001003},
   year = {2002}
}

@misc{matlab,
    title = {MATLAB ({Version} 8.1.0.604, R2013a)},
    author = {{MathWorks Inc.}},
    year = {2013},
    type = {\bibcomputersoftware},
    url = {http://mathworks.com/downloads/},
  }


@misc{ppcor,
    title = {ppcor: Partial and Semi-Partial (Part) Correlation ({Version} 1.1)},
    author = {Seongho Kim},
    year = {2015},
    type = {\bibcomputersoftware},
    url = {http://CRAN.R-project.org/package=ppcor},
  }

@misc{eprime,
    title = {E-Prime 2 ({Version} 2.0.10.242)},
    author = {{Psychology Software Tools}},
    year = {2012},
    type = {\bibcomputersoftware},
    url = {https://www.pstnet.com/eprime.cfm},
  }

@article{Hick1952,
   author = {Hick, W. E.},
   title = {On the rate of gain of information},
   journal = {Quarterly Journal of Experimental Psychology},
   volume = {4},
   number = {1},
   pages = {11--26},
   DOI = {10.1080/17470215208416600},
   year = {1952}
}

@book{Wicki2014,
   author = {Wicki, Jo\"\el},
   title = {{Struktur- und Reliabilitätsanalyse einer modifizierten Kurzversion des Berliner Intelligenzstruktur-Tests \textnormal{(Unveröffentlichte Masterarbeit)}}},
   publisher = {},
   address = {Institut für Psychologie, Universität Bern, Schweiz},
   year = {2014}
}

@book{McDonald1999,
   author = {McDonald, Roderick P.},
   title = {Test theory: A unified treatment},
   publisher = {Erlbaum},
   address = {Mahwah, NJ},
   year = {1999}
}

@article{Upper1974,
  doi = {10.1901/jaba.1974.7-497a},
   year  = {1974},
  publisher = {Society for the Experimental Analysis of Behavior},
  volume = {7},
  number = {3},
  pages = {497--497},
  author = {Dennis Upper},
  title = {The unsuccessful self-treatment of a case of ``writer{'}s block''},
  journal = {Journal of Applied Behavior Analysis}
}

@article{Kim2005,
   author = {Kyung Hee Kim},
   title = {Can only intelligent people be creative? {A} meta-analysis},
   journal = {The Journal of Secondary Gifted Education},
   volume = {16},
   number = {2/3},
   pages = {57--66},
   doi = {10.4219/jsge-2005-473},
   year = {2005}
}

@article{Doebler2015,
  doi = {10.1016/j.lindif.2015.02.009},
  year  = {2015},
  publisher = {Elsevier {BV}},
  author = {Philipp Doebler and Barbara Scheffler},
  title = {The relationship of choice reaction time variability and intelligence: A meta-analysis},
  journal = {Learning and Individual Differences},
  pages = {IN PRESS CHECK AGAIN!!!}
}

@Article{coin,
    title = {Implementing a Class of Permutation Tests: The coin Package},
    author = {Torsten Hothorn and Kurt Hornik and Mark A. van de Wiel and Achim Zeileis},
    journal = {Journal of Statistical Software},
    year = {2008},
    volume = {28},
    number = {8},
    pages = {1--23},
    DOI = {10.18637/jss.v028.i08}
  }
  
@Article{multcomp,
    title = {Simultaneous Inference in General Parametric Models},
    author = {Torsten Hothorn and Frank Bretz and Peter Westfall},
    journal = {Biometrical Journal},
    year = {2008},
    volume = {50},
    number = {3},
    pages = {346--363},
    DOI = {10.1002/bimj.200810425}
  }
  
@book{Hollander2014,
   author = {Myles Hollander and Douglas A. Wolfe and Eric Chicken},
   title = {Nonparametric statistical methods},
   year = {2014},
   doi = {10.1002/9781119196037}
}

@misc{Galili2010,
    title = {\textnormal{Post hoc analysis for {Friedman}'s Test ({R} code)}},
    author = {Tal Galili},
    day = {22},
    month = {Februar},
    year = {2010},
    type = {Blog-Eintrag},
    url = {http://www.r-statistics.com/2010/02/post-hoc-analysis-for-friedmans-test-r-code/}
}

@misc{nortest,
    title = {nortest: Tests for Normality ({Version} 1.0-4)},
    author = {Juergen Gross and Uwe Ligges},
    year = {2015},
    type = {\bibcomputersoftware},
    url = {https://CRAN.R-project.org/package=nortest},
  }
  
@article{Razali2011,
  year  = {2011},
  author = {Nornadiah Mohd Razali and Yap Bee Wah},
  title = {Power comparisons of {Shapiro-Wilk}, {Kolmogorov-Smirnov}, {Lilliefors} and {Anderson-Darling} tests},
  journal = {Journal of Statistical Modeling and Analytics},
  volume = {2},
  number = {1},
  pages = {21--33},
}

@article{nlstools,
    title = {A Toolbox for Nonlinear Regression in {R}: The Package {nlstools}},
    author = {Florent Baty and Christian Ritz and Sandrine Charles and Martin Brutsche and Jean-Pierre Flandrois and Marie-Laure Delignette-Muller},
    journal = {Journal of Statistical Software},
    year = {2015},
    volume = {66},
    number = {5},
    pages = {1--21},
    doi = {10.18637/jss.v066.i05},
  }
  
@book{Lienert1998,
   author = {Lienert, Gustav A. and Raatz, U.},
   title = {{Testaufbau und Testanalyse}},
   edition = {6},
   publisher = {Psychologie Verlags Union},
   address = {Weinheim, Deutschland},
   year = {1998}
}

@article{Gelman2006,
  year  = {2006},
  author = {Andrew Gelman and Hal Stern},
  title = {The Difference Between “Significant” and “Not Significant” is not Itself Statistically Significant},
  journal = {The American Statistician},
  volume = {60},
  number = {4},
  pages = {328--331},
  doi = {10.1198/000313006X152649}
}

@article{Wasserstein2016,
  year  = {2016},
  author = {Ronald L. Wasserstein and Nicole A. Lazar},
  title = {The {ASA}'s statement on \textit{p}-values: Context, process, and purpose},
  journal = {The American Statistician},
  volume = {70},
  number = {2},
  pages = {129--133},
  doi = {10.1080/00031305.2016.1154108}
}

@misc{pbapply,
    title = {pbapply: Adding Progress Bar to '*apply' Functions ({Version} 1.2-1)},
    author = {Peter Solymos and Zygmunt Zawadzki},
    year = {2016},
    type = {\bibcomputersoftware},
    url = {https://CRAN.R-project.org/package=pbapply},
  }

@book{Cohen1983,
   author = {Jacob Cohen and Patricia Cohen},
   title = {Applied Multiple Regression/Cor\-relation Anal\-ysis for the Behavioral Sciences},
   publisher = {Erlbaum},
   address = {Hillsdale, NJ},
   edition = {2},
   pages = {53--55},
   year = {1983}
}

@book{Cohen1988,
   author = {Jacob Cohen},
   title = {Statistical Power Analysis for the Behavioral Sciences},
   publisher = {Psychology Press},
   address = {New York, NY},
   edition = {2},
   pages = {40},
   year = {1988}
}

@article{reshape2,
   author = {Wickham, Hadley},
   title = {Reshaping Data with the reshape Package},
   journal = {Journal of Statistical Software},
   volume = {21},
   number = {12},
   pages = {1--20},
   doi = {10.18637/jss.v021.i12},
   year = {2007}
}

@misc{ez,
    title = {{ez}: Easy Analysis and Visualization of Factorial Experiments ({Version} 4.3)},
    author = {Michael A. Lawrence},
    year = {2015},
    type = {\bibcomputersoftware},
    url = {https://CRAN.R-project.org/package=ez},
  }
  
@article{Bakeman2005,
  author = {Roger Bakeman},
  title = {Recommended effect size statistics for repeated measures designs},
  doi = {10.3758/bf03192707},
  year  = {2005},
  volume = {37},
  number = {3},
  pages = {379--384},  
  journal = {Behavior Research Methods}
}

@article{Olejnik2003,
  doi = {10.1037/1082-989x.8.4.434},
  year  = {2003},
  volume = {8},
  number = {4},
  pages = {434--447},
  author = {Stephen Olejnik and James Algina},
  title = {Generalized Eta and Omega Squared Statistics: Measures of Effect Size for Some Common Research Designs.},
  journal = {Psychological Methods}
}

@misc{nlme,
    title = {{nlme}: Linear and Nonlinear Mixed Effects Models ({Version} 3.1-128)},
    author = {Jose Pinheiro and Douglas Bates and Saikat DebRoy and Deepayan Sarkar and {R Core Team}},
    year = {2016},
    type = {\bibcomputersoftware},
    url = {http://CRAN.R-project.org/package=nlme},
  }
  
@misc{lsr,
    title = {Learning statistics with {R}: A tutorial for psychology students and other beginners ({Version} 0.5)},
    author = {Daniel Navarro},
    year = {2015},
    type = {\bibcomputersoftware},
    url = {http://CRAN.R-project.org/package=lsr},
  }
  
@article{Morris2002,
  doi = {10.1037/1082-989x.7.1.105},
  year  = {2002},
  volume = {7},
  number = {1},
  pages = {105--125},
  author = {Scott B. Morris and Richard P. DeShon},
  title = {Combining effect size estimates in meta-analysis with repeated measures and independent-groups designs.},
  journal = {Psychological Methods}
}

@article{Gibbons1993,
	doi = {10.2307/1165136},
	year  = {1993},
	volume = {18},
	number = {3},
	pages = {271--279},
	author = {Robert D. Gibbons and Donald R. Hedeker and John M. Davis},
	title = {Estimation of Effect Size from a Series of Experiments Involving Paired Comparisons},
	journal = {Journal of Educational Statistics}
}

@misc{effsize,
    title = {effsize: Efficient Effect Size Computation ({Version} 0.6.2)},
    author = {Marco Torchiano},
    year = {2016},
    type = {\bibcomputersoftware},
    url = {http://CRAN.R-project.org/package=effsize},
  }
  
@misc{Metrics,
  	title = {Metrics: Evaluation metrics for machine learning ({Version} 0.1.1)},
  	author = {Ben Hamner},
  	year = {2012},
  	type = {\bibcomputersoftware},
  	url = {https://CRAN.R-project.org/package=Metrics},
  }
  
@Article{plotrix,
   	year = {2006},
   	title = {{plotrix}: Various Plotting Functions ({Version} 3.6-2)},
   	author = {J. Lemon},
   	type = {\bibcomputersoftware},
   	url = {https://CRAN.R-project.org/package=plotrix}
}

@article{Spiess2010,
	doi = {10.1186/1471-2210-10-6},
	year  = {2010},
	volume = {10},
	number = {6},
	pages = {1--11},
	author = {Andrej-Nikolai Spiess and Natalie Neumeyer},
	title = {An evaluation of {$R^2$} as an inadequate measure for nonlinear models in pharmacological and biochemical research: a {Monte Carlo} approach},
	journal = {{BioMed Central}: Pharmacology}
}

@misc{colorspace,
	title = {colorspace: Color space manipulation ({Version} 1.2-6)},
	author = {Ross Ihaka and Paul Murrell and Kurt Hornik and Jason C. Fisher and Achim Zeileis},
	year = {2015},
	type = {\bibcomputersoftware},
	url = {http://CRAN.R-project.org/package=colorspace},
}

@book{Harrell2015,
	author = {Harrell, Jr., Frank E.},
	title = {Regression Modeling Strategies},
	edition = {2},
	year = {2015},
	doi = {10.1007/978-3-319-19425-7}
}

@misc{lmSupport,
	title = {{lmSupport}: Support for Linear Models ({Version} 2.9.4)},
	author = {John Curtin},
	year = {2016},
	type = {\bibcomputersoftware},
	url = {http://CRAN.R-project.org/package=lmSupport},
}

@article{Hyman1953,
	doi = {10.1037/h0056940},
	year  = {1953},
	volume = {45},
	number = {3},
	pages = {188--196},
	author = {Ray Hyman},
	title = {Stimulus information as a determinant of reaction time.},
	journal = {Journal of Experimental Psychology}
}

@incollection{Jensen1987a,
	author = {Arthur R. Jensen},
	title = {Individual Differences in the {Hick} Paradigm},
	booktitle = {Speed of information-processing and intelligence},
	editor = {Philip A. Vernon},
	publisher = {Ablex},
	address = {Norwood, NJ},
	pages = {101--175},
	year = {1987}
}

@article{Brown1910,
	doi = {10.1111/j.2044-8295.1910.tb00207.x},
	year  = {1910},
	volume = {3},
	number = {3},
	pages = {296--322},
	author = {William Brown},
	title = {SOME EXPERIMENTAL RESULTS IN THE CORRELATION OF MENTAL ABILITIES},
	journal = {Brithish Journal of Psychology}
}

@article{Spearman1910,
	doi = {10.1111/j.2044-8295.1910.tb00206.x},
	year  = {1910},
	volume = {3},
	number = {3},
	pages = {271--295},
	author = {Charles Spearman},
	title = {CORRELATION CALCULATED FROM FAULTY DATA},
	journal = {Brithish Journal of Psychology}
}

@incollection{Schermelleh-Engel2007,
	author = {Karin Schermelleh-Engel and Christina Werner},
	title = {{Methoden der Reliabilitätsbestimmung}},
	booktitle = {{Testtheorie und Fragebogenkonstruktion}},
	editor = {Helfried Moosbrugger and Augustin Kelava},
	publisher = {Springer},
	address = {Heidelberg, Deutschland},
	pages = {113--133},
	year = {2007}
}

@article{Moosbrugger2006,
	doi = {10.1027/1015-5759.22.3.177},
	year  = {2006},
	volume = {22},
	number = {3},
	pages = {177--188},
	author = {Helfried Moosbrugger and Frank Goldhammer and Karl Schweizer},
	title = {Latent Factors Underlying Individual Differences in Attention Measures},
	journal = {European Journal of Psychological Assessment}
}

@incollection{Moosbrugger2007,
	author = {Helfried Moosbrugger},
	title = {{Klassische Testtheorie}},
	booktitle = {{Testtheorie und Fragebogenkonstruktion}},
	editor = {Helfried Moosbrugger and Augustin Kelava},
	publisher = {Springer},
	address = {Heidelberg, Deutschland},
	pages = {99--112},
	year = {2007}
}

@book{Pahud2017,
	author = {Olivier Pahud},
	title = {{\textcolor{red}{Cash Money Bling Bling \#RIPdiss}} \textnormal{(Unveröffentlichte Dissertation)}},
	publisher = {},
	address = {Institut für Psychologie, Universität Bern, Schweiz},
	year = {2017}
}

@misc{pacman,
	title = {{pacman}: {P}ackage Management for {R} ({Version} 0.4.1)},
	author = {Tyler W. Rinker and Dason Kurkiewicz},
	year = {2015},
	type = {\bibcomputersoftware},
	url = {http://github.com/trinker/pacman},
}

@misc{ggplot2,
	title = {{ggplot2}: An Implementation of the Grammar of Graphics ({Version} 2.1.0)},
	author = {Hadley Wickham},
	year = {2016},
	type = {\bibcomputersoftware},
	url = {https://CRAN.R-project.org/package=ggplot2},
}

@misc{lm.beta,
	title = {{lm.beta}: Add Standardized Regression Coefficients to lm-Objects ({Version} 1.5-1)},
	author = {Stefan Behrendt},
	year = {2014},
	type = {\bibcomputersoftware},
	url = {https://CRAN.R-project.org/package=lm.beta},
}

@misc{MASS,
	title = {{MASS}: Support Functions and Datasets for {Venables} and {Ripley's} MASS ({Version} 7.3-45)},
	author = {W. N. Venables and B. D. Ripley},
	year = {2015},
	type = {\bibcomputersoftware},
	url = {https://CRAN.R-project.org/package=MASS},
}

@article{McIntosh2012,
	doi = {10.1007/s11136-011-0084-4},
	year  = {2012},
	volume = {21},
	number = {9},
	pages = {1619--1621},
	author = {Cameron N. McIntosh},
	title = {{Improving the evaluation of model fit in confirmatory factor analysis: A commentary on Gundy,  C.M.,  Fayers,  P.M.,  Groenvold,  M.,  Petersen,  M. Aa.,  Scott,  N.W.,  Sprangers,  M.A.J.,  Velikov,  G.,  Aaronson,  N.K. (2011). Comparing higher-order models for the {EORTC} {QLQ}-C30.}  \textit{{Quality of Life Research}},  {doi:10.1007/s11136-011-0082-6}},
	journal = {Quality of Life Research}
}

@article{Gottfredson2004,
	doi = {10.1111/j.0963-7214.2004.01301001.x},
	year  = {2004},
	volume = {13},
	number = {1},
	pages = {1--4},
	author = {Linda S. Gottfredson and Ian J. Deary},
	title = {Intelligence Predicts Health and Longevity,  but Why?},
	journal = {Current Directions in Psychological Science}
}

@article{Kanazawa2010,
	doi = {10.1177/0190272510361602},
	year  = {2010},
	author = {S. Kanazawa},
	title = {Why Liberals and Atheists Are More Intelligent},
	journal = {Social Psychology Quarterly},
	volume = {73},
	number = {1},
	pages = {33--57}
}

@article{Zuckerman2013,
	doi = {10.1177/1088868313497266},
	year  = {2013},
	volume = {17},
	number = {4},
	pages = {325--354},
	author = {M. Zuckerman and J. Silberman and J. A. Hall},
	title = {The Relation Between Intelligence and Religiosity: A Meta-Analysis and Some Proposed Explanations},
	journal = {Personality and Social Psychology Review}
}

@article{Schmidt2004,
	doi = {10.1037/0022-3514.86.1.162},
	year  = {2004},
	volume = {86},
	number = {1},
	pages = {162--173},
	author = {Frank L. Schmidt and John Hunter},
	title = {General Mental Ability in the World of Work: Occupational Attainment and Job Performance.},
	journal = {Journal of Personality and Social Psychology}
}

@article{Ackerman1997,
	doi = {10.1037/0033-2909.121.2.219},
	year  = {1997},
	volume = {121},
	number = {2},
	pages = {219--245},
	author = {Phillip L. Ackerman and Eric D. Heggestad},
	title = {Intelligence,  personality,  and interests: Evidence for overlapping traits.},
	journal = {Psychological Bulletin}
}

@article{Salgado2003,
	doi = {10.1037/0021-9010.88.6.1068},
	year  = {2003},
	publisher = {American Psychological Association ({APA})},
	volume = {88},
	number = {6},
	pages = {1068--1081},
	author = {Jes{\'{u}}s F. Salgado and Neil Anderson and Silvia Moscoso and Cristina Bertua and Filip de Fruyt and Jean Pierre Rolland},
	title = {A Meta-Analytic Study of General Mental Ability Validity for Different Occupations in the {European} Community.},
	journal = {Journal of Applied Psychology}
}

@book{Sternberg1986a,
	author = {Robert J. Sternberg and Douglas K. Detterman},
	title = {What is Intelligence? {Contemporary} Viewpoints on Its Nature and Definition},
	publisher = {Ablex},
	address = {Norwood, NJ},
	year = {1986}
}

@incollection{Sternberg1986b,
	author = {Robert J. Sternberg and C. A. Berg},
	title = {Quantitative integration: Definition of intelligence: A comparison of the 1921 and 1986 symposia},
	booktitle = {What is Intelligence? {Contemporary} Viewpoints on Its Nature and Definition},
	editor = {Robert J. Sternberg and Douglas K. Detterman},
	publisher = {Ablex},
	address = {Norwood, NJ},
	pages = {155--162},
	year = {1986}
}

@article{Sternberg1998,
	doi = {10.1146/annurev.psych.49.1.479},
	year  = {1998},
	volume = {49},
	number = {1},
	pages = {479--502},
	author = {Robert J. Sternberg and James C. Kaufman},
	title = {Human abilites},
	journal = {Annual Review of Psychology}
}


@book{Neisser1967,
	author = {Ulric Neisser},
	title = {Cognitive Psychology},
	publisher = {Appleton-Century-Crofts},
	address = {New York, NY},
	year = {1967}
}

@article{Neisser1996,
	doi = {10.1037/0003-066x.51.2.77},
	year  = {1996},
	publisher = {American Psychological Association ({APA})},
	volume = {51},
	number = {2},
	pages = {77--101},
	author = {Ulric Neisser and Gwyneth Boodoo and Thomas J. Bouchard and A. Wade Boykin and Nathan Brody and Stephen J. Ceci and Diane F. Halpern and John C. Loehlin and Robert Perloff and Robert J. Sternberg and Susana Urbina},
	title = {Intelligence: Knowns and unknowns},
	journal = {American Psychologist}
}

@article{Johnson2004,
	doi = {10.1016/s0160-2896(03)00062-x},
	year  = {2004},
	volume = {32},
	number = {1},
	pages = {95--107},
	author = {Wendy Johnson and Thomas J Bouchard and Robert F Krueger and Matt McGue and Irving I Gottesman},
	title = {Just one \textit{g}: consistent results from three test batteries},
	journal = {Intelligence}
}

@article{Johnson2008,
	doi = {10.1016/j.intell.2007.06.001},
	year  = {2008},
	volume = {36},
	number = {1},
	pages = {81--95},
	author = {Wendy Johnson and Jan te Nijenhuis and Thomas J. Bouchard},
	title = {Still just 1 \textit{g}: {Consistent} results from five test batteries},
	journal = {Intelligence}
}

@article{Visser2006,
	doi = {10.1016/j.intell.2006.02.004},
	year  = {2006},
	volume = {34},
	number = {5},
	pages = {487--502},
	author = {Beth A. Visser and Michael C. Ashton and Philip A. Vernon},
	title = {Beyond \textit{g}: {Putting} multiple intelligences theory to the test},
	journal = {Intelligence}
}

@book{Guilford1977,
	author = {Joy Paul Guilford},
	title = {Way beyond the {IQ}: {Guide} to improving intelligence and creativity},
	publisher = {Creative Education Foundation},
	address = {Buffalo, NY},
	year = {1977}
}

@book{Deary2000a,
	author = {Ian J. Deary},
	title = {Looking down on human intelligence},
	year = {2000},
	publisher = {Oxford University Press},
	address = {New York, NY}
}

@article{Deary2001,
	doi = {10.1016/s0160-2896(01)00062-9},
	year  = {2001},
	volume = {29},
	number = {5},
	pages = {389--399},
	author = {Ian J. Deary},
	title = {Reaction times and intelligence differences: {A} population-based cohort study},
	journal = {Intelligence}
}

@article{Bates1995,
	doi = {10.1016/0160-2896(95)90004-7},
	year  = {1995},
	volume = {20},
	number = {1},
	pages = {27--39},
	author = {T Bates},
	title = {Intelligence and complexity of the averaged evoked potential: {An} attentional theory},
	journal = {Intelligence}
}

@article{Hendrickson1980,
	doi = {10.1016/0191-8869(80)90003-3},
	year  = {1980},
	volume = {1},
	number = {1},
	pages = {3--33},
	author = {Donna E. Hendrickson and Alan E. Hendrickson},
	title = {The biological basis of individual differences in intelligence},
	journal = {Personality and Individual Differences}
}

@article{Miller1994,
	doi = {10.1016/0191-8869(94)90049-3},
	year  = {1994},
	volume = {17},
	number = {6},
	pages = {803--832},
	author = {Edward M. Miller},
	title = {Intelligence and brain myelination: {A} hypothesis},
	journal = {Personality and Individual Differences}
}

@article{Garlick2002,
	doi = {10.1037/0033-295x.109.1.116},
	year  = {2002},
	volume = {109},
	number = {1},
	pages = {116--136},
	author = {Dennis Garlick},
	title = {Understanding the nature of the general factor of intelligence: {The} role of individual differences in neural plasticity as an explanatory mechanism.},
	journal = {Psychological Review}
}

@article{Gignac2014,
	doi = {10.1016/j.intell.2013.11.004},
	year  = {2014},
	volume = {42},
	pages = {89--97},
	author = {Gilles E. Gignac},
	title = {Dynamic mutualism versus \textit{g} factor theory: An empirical test},
	journal = {Intelligence}
}

@article{Gignac2016,
	doi = {10.1016/j.intell.2016.01.007},
	year  = {2016},
	volume = {55},
	pages = {69--78},
	author = {Gilles E. Gignac},
	title = {Residual group-level factor associations: Possibly negative implications for the mutualism theory of general intelligence},
	journal = {Intelligence}
}

@article{Jensen1979,
	doi = {10.1016/0160-2896(79)90010-2},
	year  = {1979},
	volume = {3},
	number = {2},
	pages = {121--126},
	author = {Arthur R. Jensen and Ella Munro},
	title = {Reaction time,  movement time,  and intelligence},
	journal = {Intelligence}
}

@article{VanDerMaas2006,
	doi = {10.1037/0033-295x.113.4.842},
	year  = {2006},
	volume = {113},
	number = {4},
	pages = {842--861},
	author = {H. L. {van der Maas} and C. V. Dolan and R. P. Grasman and J. M. Wicherts and H. M. Huizenga and M. E. Raijmakers},
	title = {A dynamical model of general intelligence: The positive manifold of intelligence by mutualism.},
	journal = {Psychological Review}
}

@article{Thomson1916,
	doi = {10.1111/j.2044-8295.1916.tb00133.x},
	year  = {1916},
	volume = {8},
	number = {3},
	pages = {271--281},
	author = {Godfrey H. Thomson},
	title = {A hierarchy without a general factor},
	journal = {British Journal of Psychology}
}

@article{Frearson1986,
	doi = {10.1016/0191-8869(86)90079-6},
	year  = {1986},
	volume = {7},
	number = {6},
	pages = {807--817},
	author = {W. Frearson and H.J. Eysenck},
	title = {Intelligence,  reaction time ({RT}) and a new `odd-man-out' {RT} paradigm},
	journal = {Personality and Individual Differences}
}

@article{Sternberg1966,
	year  = {1966},
	volume = {153},
	number = {3736},
	pages = {652--654},
	author = {Saul Sternberg},
	title = {High-speed scanning in human memory},
	journal = {Science},
	url = {http://www.jstor.org/stable/1719418}
}

@article{Sternberg1969,
	year  = {1969},
	volume = {57},
	number = {4},
	pages = {421--457},
	author = {Saul Sternberg},
	title = {Memory-scanning: Mental processes revealed by reaction-time experiments},
	journal = {American Scientist},
	url = {http://www.jstor.org/stable/27828738}
}

@article{Smith1987a,
	doi = {10.1016/0160-2896(87)90003-1},
	year  = {1987},
	volume = {11},
	number = {2},
	pages = {161--167},
	author = {Glen A. Smith and K.A. McPhee},
	title = {Performance on a coincidence timing task correlates with intelligence},
	journal = {Intelligence}
}

@article{Reed1992,
	doi = {10.1016/0160-2896(92)90009-g},
	year  = {1992},
	volume = {16},
	number = {3--4},
	pages = {259--272},
	author = {T. E. Reed and Arthur R. Jensen},
	title = {Conduction velocity in a brain nerve pathway of normal adults correlates with intelligence level},
	journal = {Intelligence}
}

@article{Eagleman2001,
	doi = {10.1038/35104092},
	year  = {2001},
	volume = {2},
	number = {12},
	pages = {920--926},
	author = {David M. Eagleman},
	title = {Visual illusions and neurobiology},
	journal = {Nature Reviews Neuroscience}
}

@article{Dubner1971,
	doi = {10.1016/0006-8993(71)90494-x},
	year  = {1971},
	volume = {35},
	number = {2},
	pages = {528--532},
	author = {R. Dubner and S.M. Zeki},
	title = {Response properties and receptive fields of cells in an anatomically defined region of the superior temporal sulcus in the monkey},
	journal = {Brain Research}
}

@article{Meyer2010,
	doi = {10.1027/1614-0001/a000006},
	year  = {2010},
	volume = {31},
	number = {1},
	pages = {46--56},
	author = {Christine Sandra Meyer and Priska {Hagmann-von Arx} and Sakari Lemola and Alexander Grob},
	title = {Correspondence Between the General Ability to Discriminate Sensory Stimuli and General Intelligence},
	journal = {Journal of Individual Differences}
}

@article{Kapadia1999,
	doi = {10.1073/pnas.96.21.12073},
	year  = {1999},
	volume = {96},
	number = {21},
	pages = {12073--12078},
	author = {M. K. Kapadia and G. Westheimer and C. D. Gilbert},
	title = {Dynamics of spatial summation in primary visual cortex of alert monkeys},
	journal = {Proceedings of the National Academy of Sciences}
}

@article{Levitt1997,
	doi = {10.1038/387073a0},
	year  = {1997},
	volume = {387},
	number = {6628},
	pages = {73--76},
	author = {Jonathan B. Levitt and Jennifer S. Lund},
	title = {Contrast dependence of contextual effects in primate visual cortex},
	journal = {Nature}
}

@article{Pack2005,
	doi = {10.1152/jn.00629.2004},
	year  = {2005},
	volume = {93},
	number = {3},
	pages = {1809--1815},
	author = {C. C. Pack and J. Nicholas Hunter and Richard T. Born},
	title = {Contrast Dependence of Suppressive Influences in Cortical Area {MT} of Alert Macaque},
	journal = {Journal of Neurophysiology}
}

@book{Regan2000,
	author = {David Regan},
	title = {Human Perception of Objects},
	year = {2000},
	publisher = {Sinauer},
	address = {Sunderland, MA}
}

@article{Churan2008,
	doi = {10.1016/j.cub.2008.10.003},
	year  = {2008},
	volume = {18},
	number = {22},
	pages = {R1051--R1052},
	author = {Jan Churan and Farhan A. Khawaja and James M.G. Tsui and Christopher C. Pack},
	title = {Brief motion stimuli preferentially activate surround-suppressed neurons in macaque visual area {MT}},
	journal = {Current Biology}
}

@article{Born2000,
	doi = {10.1016/s0896-6273(00)81208-8},
	year  = {2000},
	volume = {26},
	number = {3},
	pages = {725--734},
	author = {R.T. Born and J.M. Groh and R. Zhao and S.J. Lukasewycz},
	title = {Segregation of Object and Background Motion in Visual Area {MT}: : Effects of Microstimulation on Eye Movements},
	journal = {Neuron}
}

@article{Braddick1993,
	doi = {10.1016/0166-2236(93)90179-p},
	year  = {1993},
	volume = {16},
	number = {7},
	pages = {263--268},
	author = {Oliver Braddick},
	title = {Segmentation versus integration in visual motion processing},
	journal = {Trends in Neurosciences}
}

@article{Zanto2009,
	doi = {10.1523/jneurosci.4621-08.2009},
	year  = {2009},
	volume = {29},
	number = {10},
	pages = {3059--3066},
	author = {T. P. Zanto and A. Gazzaley},
	title = {Neural Suppression of Irrelevant Information Underlies Optimal Working Memory Performance},
	journal = {Journal of Neuroscience}
}

@article{Cronbach1955,
	doi = {10.1037/h0040957},
	year  = {1955},
	volume = {52},
	number = {4},
	pages = {281--302},
	author = {Lee J. Cronbach and Paul E. Meehl},
	title = {Construct validity in psychological tests.},
	journal = {Psychological Bulletin}
}

@article{Donders1969,
	doi = {10.1016/0001-6918(69)90065-1},
	year  = {1969},
	volume = {30},
	pages = {412--431},
	author = {F. C. Donders},
	title = {On the speed of mental processes},
	journal = {Acta Psychologica}
}

@book{vanZomeren1994,
	author = {A. H. {van Zomeren} and W. H. Brouwer},
	title = {Clinical Neuropsychology of Attention},
	publisher = {Oxford University Press},
	address = {New York, NY},
	year = {1994}
}

@article{Friston1996,
	doi = {10.1006/nimg.1996.0033},
	year  = {1996},
	volume = {4},
	number = {2},
	pages = {97--104},
	author = {K.J. Friston and C.J. Price and P. Fletcher and C. Moore and R.S.J. Frackowiak and R.J. Dolan},
	title = {The Trouble with Cognitive Subtraction},
	journal = {{NeuroImage}}
}

@article{Ilan1994,
	doi = {10.1037/0096-1523.20.3.520},
	year  = {1994},
	volume = {20},
	number = {3},
	pages = {520--536},
	author = {Aaron B. Ilan and Jeff Miller},
	title = {A violation of pure insertion: Mental rotation and choice reaction time.},
	journal = {Journal of Experimental Psychology: Human Perception and Performance}
}

@article{Smith1987b,
	doi = {10.1080/00049538708259058},
	year  = {1987},
	volume = {39},
	number = {3},
	pages = {339--351},
	author = {Glen A. Smith and Michael Carew},
	title = {Decision Time Unmasked: Individuals Adopt Different Strategies},
	journal = {Australian Journal of Psychology}
}

@article{Jensen2011,
	doi = {10.1016/j.intell.2011.03.004},
	year  = {2011},
	volume = {39},
	number = {4},
	pages = {171--177},
	author = {A. R. Jensen},
	title = {The theory of intelligence and its measurement},
	journal = {Intelligence}
}

